<record><header><identifier>oai:alma.41SLSP_UGE:991000779909705502</identifier><datestamp>2023-03-16T01:09:42Z</datestamp><setSpec>uge_cmu_RapidILL_JOURNAL</setSpec><setSpec>uge_aobs_RapidILL_JOURNAL</setSpec><setSpec>uge_aaca_RapidILL_JOURNAL</setSpec><setSpec>uge_abbat_RapidILL_JOURNAL</setSpec><setSpec>uge_bcen_RapidILL_JOURNAL</setSpec><setSpec>uge_mail_RapidILL_JOURNAL</setSpec><setSpec>uge_dbu_RapidILL_JOURNAL</setSpec><setSpec>uge_abels_RapidILL_JOURNAL</setSpec><setSpec>UNIGE_ALL</setSpec><setSpec>uge_acar_RapidILL_JOURNAL</setSpec></header><metadata>
<record xmlns="http://www.loc.gov/MARC21/slim" xmlns:xsi="http://www.w3.org/2001/XMLSchema-instance" xsi:schemaLocation="http://www.loc.gov/MARC21/slim http://www.loc.gov/standards/marcxml/schema/MARC21slim.xsd"><leader>00971nas a2200265 c 4500</leader><controlfield tag="001">991000779909705502</controlfield><controlfield tag="005">20230314182632.0</controlfield><controlfield tag="008">010124uuuuuuuuufr || m|  ||| 0    0fre d</controlfield><datafield ind1=" " ind2=" " tag="022"><subfield code="a">1159-8646</subfield></datafield><datafield ind1=" " ind2=" " tag="035"><subfield code="a">(swissbib)096480017-41slsp_network</subfield></datafield><datafield ind1=" " ind2=" " tag="035"><subfield code="a">096480017</subfield><subfield code="9">ExL</subfield></datafield><datafield ind1=" " ind2=" " tag="035"><subfield code="a">(RERO)R281123060-41slsp</subfield></datafield><datafield ind1=" " ind2=" " tag="035"><subfield code="a">(EXLNZ-41SLSP_NETWORK)991055274579705501</subfield></datafield><datafield ind1=" " ind2=" " tag="040"><subfield code="a">RERO gevbaa</subfield><subfield code="d">CH-ZuSLS</subfield></datafield><datafield ind1="0" ind2="0" tag="245"><subfield code="a">Mémoires de l'Association des publications chauvinoises</subfield></datafield><datafield ind1="1" ind2=" " tag="246"><subfield code="a">Mémoire de l'Association des publications chauvinoises</subfield></datafield><datafield ind1="1" ind2=" " tag="246"><subfield code="a">Mémoires / Association des publications chauvinoises</subfield></datafield><datafield ind1="1" ind2=" " tag="246"><subfield code="a">Mémoire / Association des publications chauvinoises</subfield></datafield><datafield ind1=" " ind2="1" tag="264"><subfield code="a">Paris [etc.]</subfield><subfield code="b">Société préhistorique française [etc.]</subfield></datafield><datafield ind1=" " ind2=" " tag="300"><subfield code="c">30 cm</subfield></datafield><datafield ind1=" " ind2=" " tag="336"><subfield code="b">txt</subfield><subfield code="2">rdacontent</subfield></datafield><datafield ind1=" " ind2=" " tag="337"><subfield code="b">n</subfield><subfield code="2">rdamedia</subfield></datafield><datafield ind1=" " ind2=" " tag="338"><subfield code="b">nc</subfield><subfield code="2">rdacarrier</subfield></datafield><datafield ind1=" " ind2="7" tag="655"><subfield code="a">Collections éditoriales</subfield><subfield code="0">(IDREF)027444929</subfield><subfield code="2">idref</subfield></datafield><datafield ind1="2" ind2=" " tag="710"><subfield code="a">Association des publications chauvinoises</subfield><subfield code="0">(IDREF)032713932</subfield></datafield><datafield ind1=" " ind2=" " tag="900"><subfield code="a">REROnoselfmerge</subfield></datafield></record>
</metadata></record>