<record><header><identifier>oai:alma.41SLSP_UGE:991000780229705502</identifier><datestamp>2023-03-28T00:14:56Z</datestamp><setSpec>uge_bcen_RapidILL_BOOK</setSpec><setSpec>uge_aaca_RapidILL_BOOK</setSpec><setSpec>uge_abels_RapidILL_BOOK</setSpec><setSpec>uge_dbu_RapidILL_BOOK</setSpec><setSpec>uge_cmu_RapidILL_BOOK</setSpec><setSpec>uge_mail_RapidILL_BOOK</setSpec><setSpec>uge_abbat_RapidILL_BOOK</setSpec><setSpec>UNIGE_ALL</setSpec><setSpec>uge_acar_RapidILL_BOOK</setSpec><setSpec>uge_aobs_RapidILL_BOOK</setSpec></header><metadata>
<record xmlns="http://www.loc.gov/MARC21/slim" xmlns:xsi="http://www.w3.org/2001/XMLSchema-instance" xsi:schemaLocation="http://www.loc.gov/MARC21/slim http://www.loc.gov/standards/marcxml/schema/MARC21slim.xsd"><leader>01513nam a2200349 c 4500</leader><controlfield tag="001">991000780229705502</controlfield><controlfield tag="005">20230327181837.0</controlfield><controlfield tag="008">130620s1977    ja ||||| |||| 00| ||jpn d</controlfield><datafield ind1=" " ind2=" " tag="020"><subfield code="a">4000600745</subfield></datafield><datafield ind1=" " ind2=" " tag="035"><subfield code="a">(swissbib)117552801-41slsp_network</subfield></datafield><datafield ind1=" " ind2=" " tag="035"><subfield code="a">117552801</subfield><subfield code="9">ExL</subfield></datafield><datafield ind1=" " ind2=" " tag="035"><subfield code="a">(RERO)R007326325-41slsp</subfield></datafield><datafield ind1=" " ind2=" " tag="035"><subfield code="a">(EXLNZ-41SLSP_NETWORK)991148809699705501</subfield></datafield><datafield ind1=" " ind2=" " tag="040"><subfield code="a">RERO geullo</subfield><subfield code="d">CH-ZuSLS</subfield></datafield><datafield ind1=" " ind2="7" tag="072"><subfield code="a">or</subfield><subfield code="2">rero</subfield></datafield><datafield ind1="0" ind2="0" tag="245"><subfield code="6">880-01</subfield><subfield code="a">Utaawaseshū</subfield><subfield code="c">Hagitani Boku, Taniyama Shigeru kōchū</subfield></datafield><datafield ind1="0" ind2="0" tag="880"><subfield code="6">245-01/$1</subfield><subfield code="a">歌合集</subfield><subfield code="c">萩谷朴, 谷山茂 校注</subfield></datafield><datafield ind1=" " ind2="1" tag="264"><subfield code="6">880-02</subfield><subfield code="a">Tōkyō</subfield><subfield code="b">Iwanami Shoten</subfield><subfield code="c">1977</subfield></datafield><datafield ind1=" " ind2="1" tag="880"><subfield code="6">264-02/$1</subfield><subfield code="a">東京</subfield><subfield code="b">岩波書店</subfield><subfield code="c">1977</subfield></datafield><datafield ind1=" " ind2=" " tag="300"><subfield code="a">571 p.</subfield><subfield code="b">ill.</subfield><subfield code="c">22 cm</subfield></datafield><datafield ind1=" " ind2=" " tag="336"><subfield code="b">txt</subfield><subfield code="2">rdacontent</subfield></datafield><datafield ind1=" " ind2=" " tag="337"><subfield code="b">n</subfield><subfield code="2">rdamedia</subfield></datafield><datafield ind1=" " ind2=" " tag="338"><subfield code="b">nc</subfield><subfield code="2">rdacarrier</subfield></datafield><datafield ind1="1" ind2=" " tag="490"><subfield code="6">880-03</subfield><subfield code="a">Nihon koten bungaku taikei</subfield><subfield code="v">74</subfield></datafield><datafield ind1="0" ind2=" " tag="880"><subfield code="6">490-03/$1</subfield><subfield code="a">日本古典文学大系</subfield><subfield code="v">74</subfield></datafield><datafield ind1=" " ind2="7" tag="650"><subfield code="a">Poésie japonaise</subfield><subfield code="0">(IDREF)02780741X</subfield><subfield code="2">idref</subfield></datafield><datafield ind1="1" ind2=" " tag="700"><subfield code="6">880-04</subfield><subfield code="a">Hagitani, Boku</subfield><subfield code="d">1917-2009</subfield><subfield code="0">(IDREF)179266640</subfield></datafield><datafield ind1="0" ind2=" " tag="880"><subfield code="6">700-04/$1</subfield><subfield code="a">萩谷朴</subfield><subfield code="d">1917-2009</subfield></datafield><datafield ind1="1" ind2=" " tag="700"><subfield code="6">880-05</subfield><subfield code="a">Taniyama, Shigeru</subfield><subfield code="d">1910-1994</subfield><subfield code="0">(IDREF)114579504</subfield></datafield><datafield ind1="0" ind2=" " tag="880"><subfield code="6">700-05/$1</subfield><subfield code="a">谷山茂</subfield><subfield code="d">1910-1994</subfield></datafield><datafield ind1=" " ind2="0" tag="830"><subfield code="6">880-07</subfield><subfield code="a">Nihon koten bungaku taikei</subfield><subfield code="v">74</subfield><subfield code="w">(RERO)R007322520-41slsp</subfield></datafield><datafield ind1=" " ind2="0" tag="880"><subfield code="6">830-07</subfield><subfield code="a">日本古典文学大系</subfield><subfield code="v">74</subfield></datafield><datafield ind1=" " ind2=" " tag="900"><subfield code="a">REROnoselfmerge</subfield></datafield></record>
</metadata></record>