<record><header><identifier>oai:alma.41SLSP_UGE:991000780019705502</identifier><datestamp>2023-11-20T01:27:34Z</datestamp><setSpec>uge_bcen_RapidILL_BOOK</setSpec><setSpec>uge_aaca_RapidILL_BOOK</setSpec><setSpec>uge_abels_RapidILL_BOOK</setSpec><setSpec>uge_dbu_RapidILL_BOOK</setSpec><setSpec>uge_cmu_RapidILL_BOOK</setSpec><setSpec>uge_mail_RapidILL_BOOK</setSpec><setSpec>uge_abbat_RapidILL_BOOK</setSpec><setSpec>UNIGE_ALL</setSpec><setSpec>uge_acar_RapidILL_BOOK</setSpec><setSpec>uge_aobs_RapidILL_BOOK</setSpec></header><metadata>
<record xmlns="http://www.loc.gov/MARC21/slim" xmlns:xsi="http://www.w3.org/2001/XMLSchema-instance" xsi:schemaLocation="http://www.loc.gov/MARC21/slim http://www.loc.gov/standards/marcxml/schema/MARC21slim.xsd"><leader>04109nam a2200817 c 4500</leader><controlfield tag="001">991000780019705502</controlfield><controlfield tag="005">20230405193545.0</controlfield><controlfield tag="008">201011s2012    xxk           00| | eng|d</controlfield><datafield ind1=" " ind2=" " tag="015"><subfield code="a">GBB172042</subfield><subfield code="2">bnb</subfield></datafield><datafield ind1=" " ind2=" " tag="020"><subfield code="a">9781107699731</subfield><subfield code="q">paperback</subfield></datafield><datafield ind1=" " ind2=" " tag="020"><subfield code="a">9780521199131</subfield><subfield code="q">hardback</subfield></datafield><datafield ind1="7" ind2=" " tag="024"><subfield code="a">http://catalogue.bnf.fr/ark:/12148/cb425427345</subfield><subfield code="2">uri</subfield></datafield><datafield ind1=" " ind2=" " tag="035"><subfield code="a">(swissbib)225551349-41slsp_network</subfield></datafield><datafield ind1=" " ind2=" " tag="035"><subfield code="a">225551349</subfield><subfield code="9">ExL</subfield></datafield><datafield ind1=" " ind2=" " tag="035"><subfield code="a">(IDSBB)005837681DSV01</subfield></datafield><datafield ind1=" " ind2=" " tag="035"><subfield code="a">(RERO)R006378894-41slsp</subfield></datafield><datafield ind1=" " ind2=" " tag="035"><subfield code="a">(IDSLU)001024432ILU01</subfield></datafield><datafield ind1=" " ind2=" " tag="035"><subfield code="a">(NEBIS)006568294EBI01</subfield></datafield><datafield ind1=" " ind2=" " tag="035"><subfield code="a">(SBT)000888462SBT01</subfield></datafield><datafield ind1=" " ind2=" " tag="035"><subfield code="a">(EXLNZ-41SLSP_NETWORK)991085078269705501</subfield></datafield><datafield ind1=" " ind2=" " tag="040"><subfield code="a">StDuBDS</subfield><subfield code="e">kids</subfield><subfield code="d">CH-ZuSLS</subfield></datafield><datafield ind1=" " ind2="0" tag="050"><subfield code="a">B384</subfield><subfield code="b">.C75 2011</subfield></datafield><datafield ind1=" " ind2="7" tag="072"><subfield code="a">kp</subfield><subfield code="2">SzZuIDS BS/BE</subfield></datafield><datafield ind1=" " ind2="7" tag="072"><subfield code="a">ph</subfield><subfield code="2">SzZuIDS BS/BE</subfield></datafield><datafield ind1=" " ind2="7" tag="072"><subfield code="a">100</subfield><subfield code="2">IDS LU</subfield></datafield><datafield ind1=" " ind2="7" tag="072"><subfield code="a">ph</subfield><subfield code="2">rero</subfield></datafield><datafield ind1="0" ind2="0" tag="082"><subfield code="a">184</subfield><subfield code="2">23</subfield></datafield><datafield ind1="0" ind2="4" tag="082"><subfield code="a">121.092</subfield><subfield code="2">22</subfield></datafield><datafield ind1="0" ind2="4" tag="082"><subfield code="a">184 UKD</subfield></datafield><datafield ind1="1" ind2="4" tag="082"><subfield code="a">184</subfield><subfield code="2">22</subfield></datafield><datafield ind1="7" ind2="4" tag="082"><subfield code="a">100</subfield><subfield code="2">23sdnb</subfield></datafield><datafield ind1=" " ind2=" " tag="084"><subfield code="a">CD 3067</subfield><subfield code="2">rvk</subfield></datafield><datafield ind1=" " ind2=" " tag="084"><subfield code="a">CD 3065</subfield><subfield code="2">rvk</subfield></datafield><datafield ind1="1" ind2=" " tag="100"><subfield code="6">880-01</subfield><subfield code="a">Crivelli, Paolo</subfield><subfield code="0">(IDREF)197867510</subfield><subfield code="4">aut</subfield></datafield><datafield ind1="1" ind2=" " tag="880"><subfield code="a">Crivelli, Paolo</subfield><subfield code="d">1959-</subfield><subfield code="6">100-01</subfield><subfield code="0">(DE-588)1130899276</subfield><subfield code="4">aut</subfield></datafield><datafield ind1="1" ind2="0" tag="245"><subfield code="a">Plato's account of falsehood</subfield><subfield code="b">a study of the Sophist</subfield><subfield code="c">Paolo Crivelli</subfield></datafield><datafield ind1=" " ind2="1" tag="264"><subfield code="a">Cambridge</subfield><subfield code="b">Cambridge University Press</subfield><subfield code="c">2012</subfield></datafield><datafield ind1=" " ind2=" " tag="300"><subfield code="a">309 S.</subfield><subfield code="c">24 cm</subfield></datafield><datafield ind1=" " ind2=" " tag="336"><subfield code="b">txt</subfield><subfield code="2">rdacontent</subfield></datafield><datafield ind1=" " ind2=" " tag="337"><subfield code="b">n</subfield><subfield code="2">rdamedia</subfield></datafield><datafield ind1=" " ind2=" " tag="338"><subfield code="b">nc</subfield><subfield code="2">rdacarrier</subfield></datafield><datafield ind1=" " ind2=" " tag="504"><subfield code="a">Includes bibliographical references and indexes</subfield></datafield><datafield ind1=" " ind2=" " tag="504"><subfield code="a">Bibliografia: p. 275-289</subfield></datafield><datafield ind1="0" ind2=" " tag="505"><subfield code="a">Machine generated contents note: Introduction ; 1. The sophist defined ; 2. Puzzles about not-being ; 3. Puzzles about being ; 4. The communion of kinds ; 5. Negation and not-being ; 6. Sentences, false sentences, and false beliefs ; Appendix: the Sophist on true and false sentences: formal presentation</subfield></datafield><datafield ind1=" " ind2=" " tag="520"><subfield code="a">Some philosophers argue that false speech and false belief are impossible. In the Sophist, Plato addresses this 'falsehood paradox', which purports to prove that one can neither say nor believe falsehoods (because to say or believe a falsehood is to say or believe something that is not, and is therefore not there to be said or believed). In this book Paolo Crivelli closely examines the whole dialogue and shows how Plato's brilliant solution to the paradox is radically different from those put forward by modern philosophers. He surveys and critically discusses the vast range of literature which has developed around the Sophist over the past fifty years, and provides original solutions to several problems that are so far unsolved. His book will be important for all who are interested in the Sophist and in ancient ontology and philosophy of language more generally.</subfield><subfield code="5">SBT/08.03.2018/BUL/CC</subfield></datafield><datafield ind1="0" ind2="0" tag="600"><subfield code="a">Plato.</subfield><subfield code="t">Sophist</subfield></datafield><datafield ind1="0" ind2="7" tag="600"><subfield code="a">Platon</subfield><subfield code="d">0427?-0348? av. J.-C.</subfield><subfield code="t">Le sophiste</subfield><subfield code="0">(IDREF)02747075X</subfield><subfield code="2">idref</subfield></datafield><datafield ind1="0" ind2="0" tag="600"><subfield code="a">Plato</subfield></datafield><datafield ind1="0" ind2="7" tag="600"><subfield code="a">Plato</subfield><subfield code="d">v427-v347</subfield><subfield code="t">Sophista</subfield><subfield code="0">(DE-588)4200953-4</subfield><subfield code="2">gnd</subfield></datafield><datafield ind1="0" ind2="7" tag="600"><subfield code="a">Platon; Sophistēs</subfield><subfield code="2">idszbz</subfield></datafield><datafield ind1="0" ind2="0" tag="600"><subfield code="a">Plato</subfield><subfield code="t">Sophist</subfield></datafield><datafield ind1=" " ind2="7" tag="650"><subfield code="a">être</subfield><subfield code="0">(RERO)A009952593</subfield><subfield code="2">rerovoc</subfield></datafield><datafield ind1=" " ind2="7" tag="650"><subfield code="a">Philosophie du langage</subfield><subfield code="0">(IDREF)027236250</subfield><subfield code="2">idref</subfield></datafield><datafield ind1=" " ind2="7" tag="650"><subfield code="a">Néant (philosophie)</subfield><subfield code="0">(IDREF)02786734X</subfield><subfield code="2">idref</subfield></datafield><datafield ind1=" " ind2="0" tag="650"><subfield code="a">Meaning (Philosophy)</subfield></datafield><datafield ind1=" " ind2="0" tag="650"><subfield code="a">Ontology</subfield></datafield><datafield ind1=" " ind2="0" tag="650"><subfield code="a">Language and languages</subfield><subfield code="x">Philosophy</subfield></datafield><datafield ind1=" " ind2="0" tag="650"><subfield code="a">Truthfulness and falsehood</subfield></datafield><datafield ind1=" " ind2="7" tag="650"><subfield code="a">Wahrheit</subfield><subfield code="0">(DE-588)4064314-1</subfield><subfield code="2">gnd</subfield></datafield><datafield ind1=" " ind2="7" tag="650"><subfield code="a">Irrtum</subfield><subfield code="0">(DE-588)4140092-6</subfield><subfield code="2">gnd</subfield></datafield><datafield ind1=" " ind2="7" tag="650"><subfield code="a">Bedeutung</subfield><subfield code="0">(DE-588)4005184-5</subfield><subfield code="2">gnd</subfield></datafield><datafield ind1=" " ind2="7" tag="650"><subfield code="a">Sprachphilosophie</subfield><subfield code="0">(DE-588)4056486-1</subfield><subfield code="2">gnd</subfield></datafield><datafield ind1=" " ind2="7" tag="650"><subfield code="a">Ontologie</subfield><subfield code="0">(DE-588)4075660-9</subfield><subfield code="2">gnd</subfield></datafield><datafield ind1=" " ind2="7" tag="650"><subfield code="a">Ontologie</subfield><subfield code="2">idszbz</subfield></datafield><datafield ind1=" " ind2="7" tag="650"><subfield code="a">Wahrheit</subfield><subfield code="2">idszbz</subfield></datafield><datafield ind1=" " ind2="7" tag="650"><subfield code="a">Sprachphilosophie</subfield><subfield code="2">idszbz</subfield></datafield><datafield ind1=" " ind2=" " tag="691"><subfield code="e">184</subfield><subfield code="a">Filosofia platonica</subfield><subfield code="2">usi-TE</subfield></datafield><datafield ind1="4" ind2=" " tag="856"><subfield code="3">Titelblatt und Inhaltsverzeichnis</subfield><subfield code="u">https://toc.library.ethz.ch/objects/pdf/z01_978-0-521-19913-1_01.pdf</subfield><subfield code="q">pdf</subfield></datafield><datafield ind1=" " ind2=" " tag="900"><subfield code="a">REROnoselfmerge</subfield></datafield><datafield ind1=" " ind2=" " tag="900"><subfield code="a">IDSZ2zbzmon201201f</subfield><subfield code="c">IDSZ2gerb</subfield><subfield code="d">IDSZ2zbzswk201203b</subfield><subfield code="e">IDSZ2somm</subfield></datafield><datafield ind1=" " ind2=" " tag="910"><subfield code="a">OCoLC</subfield><subfield code="b">20120119</subfield><subfield code="c">Droits réservés</subfield></datafield><datafield ind1=" " ind2=" " tag="949"><subfield code="a">https://toc.library.ethz.ch/objects/pdf/z01_978-0-521-19913-1_01.pdf</subfield></datafield></record>
</metadata></record>