<record><header><identifier>oai:alma.41SLSP_UGE:991000779899705502</identifier><datestamp>2023-03-01T01:10:15Z</datestamp><setSpec>uge_bcen_RapidILL_BOOK</setSpec><setSpec>uge_aaca_RapidILL_BOOK</setSpec><setSpec>uge_abels_RapidILL_BOOK</setSpec><setSpec>uge_dbu_RapidILL_BOOK</setSpec><setSpec>uge_cmu_RapidILL_BOOK</setSpec><setSpec>uge_mail_RapidILL_BOOK</setSpec><setSpec>UNIGE_ALL</setSpec><setSpec>uge_abbat_RapidILL_BOOK</setSpec><setSpec>uge_aobs_RapidILL_BOOK</setSpec><setSpec>uge_acar_RapidILL_BOOK</setSpec></header><metadata>
<record xmlns="http://www.loc.gov/MARC21/slim" xmlns:xsi="http://www.w3.org/2001/XMLSchema-instance" xsi:schemaLocation="http://www.loc.gov/MARC21/slim http://www.loc.gov/standards/marcxml/schema/MARC21slim.xsd"><leader>01368nam a2200277 c 4500</leader><controlfield tag="001">991000779899705502</controlfield><controlfield tag="005">20201227133742.0</controlfield><controlfield tag="008">981214s1967    xxu||||| |||| 10| ||eng d</controlfield><datafield ind1=" " ind2=" " tag="035"><subfield code="a">(swissbib)093955553-41slsp_network</subfield></datafield><datafield ind1=" " ind2=" " tag="035"><subfield code="a">093955553</subfield><subfield code="9">ExL</subfield></datafield><datafield ind1=" " ind2=" " tag="035"><subfield code="a">(RERO)R241142360-41slsp</subfield></datafield><datafield ind1=" " ind2=" " tag="035"><subfield code="a">(EXLNZ-41SLSP_NETWORK)991083327199705501</subfield></datafield><datafield ind1=" " ind2=" " tag="040"><subfield code="a">RERO geussm</subfield><subfield code="d">CH-ZuSLS</subfield></datafield><datafield ind1=" " ind2="7" tag="072"><subfield code="a">ma</subfield><subfield code="2">rero</subfield></datafield><datafield ind1=" " ind2=" " tag="084"><subfield code="a">60X</subfield><subfield code="2">msc</subfield></datafield><datafield ind1=" " ind2=" " tag="084"><subfield code="a">62X</subfield><subfield code="2">msc</subfield></datafield><datafield ind1="0" ind2="0" tag="245"><subfield code="a">Proceedings of the fifth Berkeley Symposium on Mathematical Statistics and Probability</subfield><subfield code="c">held at the Statistical Laboratory, University of California, June 21-July 18, 1965 and December 27, 1965-January 7, 1966 ; with the support of University of California... [et al.].</subfield><subfield code="n">Vol. 2/2</subfield><subfield code="p">Contributions to probability theory ; ed. by Lucien M. Le Cam and Jerzy Neyman</subfield></datafield><datafield ind1=" " ind2="1" tag="264"><subfield code="a">Berkeley</subfield><subfield code="a">Los Angeles</subfield><subfield code="b">Univ. of California Press</subfield><subfield code="c">1967</subfield></datafield><datafield ind1=" " ind2=" " tag="300"><subfield code="a">XVI, 483 p.</subfield><subfield code="b">ill.</subfield><subfield code="c">26 cm</subfield></datafield><datafield ind1=" " ind2=" " tag="336"><subfield code="b">txt</subfield><subfield code="2">rdacontent</subfield></datafield><datafield ind1=" " ind2=" " tag="337"><subfield code="b">n</subfield><subfield code="2">rdamedia</subfield></datafield><datafield ind1=" " ind2=" " tag="338"><subfield code="b">nc</subfield><subfield code="2">rdacarrier</subfield></datafield><datafield ind1=" " ind2=" " tag="500"><subfield code="a">Congrès de mathématiques. Berkeley. 1965-1966</subfield></datafield><datafield ind1="1" ind2=" " tag="700"><subfield code="a">Le Cam, Lucien Marie</subfield><subfield code="d">1924-2000</subfield><subfield code="0">(IDREF)067017177</subfield></datafield><datafield ind1="2" ind2=" " tag="711"><subfield code="a">Berkeley Symposium on mathematical statistics and probability</subfield><subfield code="n">5</subfield><subfield code="d">1965-1966</subfield><subfield code="c">Berkeley</subfield><subfield code="0">(RERO)A012419059</subfield></datafield><datafield ind1=" " ind2=" " tag="830"><subfield code="a">Proceedings of the fifth Berkeley Symposium on Mathematical Statistics and Probability</subfield><subfield code="v">2,2</subfield><subfield code="w">(RERO)R241134860-41slsp</subfield></datafield><datafield ind1=" " ind2=" " tag="900"><subfield code="a">REROnoselfmerge</subfield></datafield></record>
</metadata></record>