<record><header><identifier>oai:alma.41SLSP_UGE:991000780419705502</identifier><datestamp>2023-03-01T01:10:15Z</datestamp><setSpec>uge_bcen_RapidILL_BOOK</setSpec><setSpec>uge_aaca_RapidILL_BOOK</setSpec><setSpec>uge_abels_RapidILL_BOOK</setSpec><setSpec>uge_dbu_RapidILL_BOOK</setSpec><setSpec>uge_cmu_RapidILL_BOOK</setSpec><setSpec>uge_mail_RapidILL_BOOK</setSpec><setSpec>UNIGE_ALL</setSpec><setSpec>uge_abbat_RapidILL_BOOK</setSpec><setSpec>uge_aobs_RapidILL_BOOK</setSpec><setSpec>uge_acar_RapidILL_BOOK</setSpec></header><metadata>
<record xmlns="http://www.loc.gov/MARC21/slim" xmlns:xsi="http://www.w3.org/2001/XMLSchema-instance" xsi:schemaLocation="http://www.loc.gov/MARC21/slim http://www.loc.gov/standards/marcxml/schema/MARC21slim.xsd"><leader>01376nam a2200325 ca4500</leader><controlfield tag="001">991000780419705502</controlfield><controlfield tag="005">20201230231703.0</controlfield><controlfield tag="008">201011m19371940gw            00| | ger|d</controlfield><datafield ind1=" " ind2=" " tag="035"><subfield code="a">(swissbib)222447923-41slsp_network</subfield></datafield><datafield ind1=" " ind2=" " tag="035"><subfield code="a">222447923</subfield><subfield code="9">ExL</subfield></datafield><datafield ind1=" " ind2=" " tag="035"><subfield code="a">(IDSBB)006760230DSV01</subfield></datafield><datafield ind1=" " ind2=" " tag="035"><subfield code="a">(RERO)2095604-41slsp</subfield></datafield><datafield ind1=" " ind2=" " tag="035"><subfield code="a">(EXLNZ-41SLSP_NETWORK)991082872009705501</subfield></datafield><datafield ind1=" " ind2=" " tag="040"><subfield code="a">IDS NEBIS ETH-BIB</subfield><subfield code="b">ger</subfield><subfield code="e">rda</subfield><subfield code="d">CH-ZuSLS</subfield></datafield><datafield ind1=" " ind2="7" tag="072"><subfield code="a">ma</subfield><subfield code="2">rero</subfield></datafield><datafield ind1="1" ind2="4" tag="082"><subfield code="a">510</subfield><subfield code="2">15</subfield></datafield><datafield ind1=" " ind2=" " tag="084"><subfield code="a">09</subfield><subfield code="2">msc</subfield></datafield><datafield ind1="1" ind2=" " tag="100"><subfield code="a">Waerden, Bartel L. &lt;&lt;van der&gt;&gt;</subfield><subfield code="d">1903-1996</subfield><subfield code="0">(DE-588)119089181</subfield><subfield code="e">Verfasser</subfield><subfield code="4">aut</subfield></datafield><datafield ind1="1" ind2="0" tag="245"><subfield code="a">Moderne Algebra</subfield><subfield code="c">von B.L. van der Waerden, unter Benutzung von Vorlesungen von E. Artin und E. Noether</subfield></datafield><datafield ind1=" " ind2=" " tag="250"><subfield code="a">Zweite, verbesserte Auflage</subfield></datafield><datafield ind1=" " ind2="1" tag="264"><subfield code="a">Berlin</subfield><subfield code="b">Springer</subfield><subfield code="c">1937-1940</subfield></datafield><datafield ind1=" " ind2=" " tag="300"><subfield code="a">2 vol.</subfield><subfield code="c">24 cm</subfield></datafield><datafield ind1=" " ind2=" " tag="336"><subfield code="b">txt</subfield><subfield code="2">rdacontent</subfield></datafield><datafield ind1=" " ind2=" " tag="337"><subfield code="b">n</subfield><subfield code="2">rdamedia</subfield></datafield><datafield ind1=" " ind2=" " tag="338"><subfield code="b">nc</subfield><subfield code="2">rdacarrier</subfield></datafield><datafield ind1="1" ind2=" " tag="490"><subfield code="a">Die Grundlehren der mathematischen Wissenschaften in Einzeldarstellungen mit besonderer Berücksichtigung der Anwendungsgebiete</subfield><subfield code="v">Band 33-34, Ed. 2</subfield></datafield><datafield ind1="1" ind2=" " tag="700"><subfield code="a">Waerden, Bartel Leendert van der</subfield><subfield code="d">1903-1996</subfield><subfield code="0">(IDREF)028864697</subfield><subfield code="4">cre</subfield></datafield><datafield ind1="1" ind2=" " tag="700"><subfield code="a">Artin, Emil</subfield><subfield code="d">1898-1962</subfield><subfield code="0">(DE-588)119045125</subfield><subfield code="e">Mitwirkender</subfield><subfield code="4">ctb</subfield></datafield><datafield ind1="1" ind2=" " tag="700"><subfield code="a">Noether, Emmy</subfield><subfield code="d">1882-1935</subfield><subfield code="0">(DE-588)118588443</subfield><subfield code="e">Mitwirkender</subfield><subfield code="4">ctb</subfield></datafield><datafield ind1=" " ind2=" " tag="830"><subfield code="a">Grundlehren der mathematischen Wissenschaften</subfield><subfield code="v">33/34</subfield><subfield code="w">(IDSBB)000015154DSV01</subfield></datafield><datafield ind1=" " ind2=" " tag="900"><subfield code="a">REROnoselfmerge</subfield></datafield></record>
</metadata></record>