<record><header><identifier>oai:alma.41SLSP_UGE:991000780519705502</identifier><datestamp>2023-03-01T01:10:15Z</datestamp><setSpec>uge_bcen_RapidILL_BOOK</setSpec><setSpec>uge_aaca_RapidILL_BOOK</setSpec><setSpec>uge_abels_RapidILL_BOOK</setSpec><setSpec>uge_dbu_RapidILL_BOOK</setSpec><setSpec>uge_cmu_RapidILL_BOOK</setSpec><setSpec>uge_mail_RapidILL_BOOK</setSpec><setSpec>UNIGE_ALL</setSpec><setSpec>uge_abbat_RapidILL_BOOK</setSpec><setSpec>uge_aobs_RapidILL_BOOK</setSpec><setSpec>uge_acar_RapidILL_BOOK</setSpec></header><metadata>
<record xmlns="http://www.loc.gov/MARC21/slim" xmlns:xsi="http://www.w3.org/2001/XMLSchema-instance" xsi:schemaLocation="http://www.loc.gov/MARC21/slim http://www.loc.gov/standards/marcxml/schema/MARC21slim.xsd"><leader>01000naa a2200241 c 4500</leader><controlfield tag="001">991000780519705502</controlfield><controlfield tag="005">20210206210514.0</controlfield><controlfield tag="008">060331s1909    fr ||||| |||| 00| ||fre d</controlfield><datafield ind1=" " ind2=" " tag="035"><subfield code="a">(swissbib)103441581-41slsp_network</subfield></datafield><datafield ind1=" " ind2=" " tag="035"><subfield code="a">103441581</subfield><subfield code="9">ExL</subfield></datafield><datafield ind1=" " ind2=" " tag="035"><subfield code="a">(RERO)R004101313-41slsp</subfield></datafield><datafield ind1=" " ind2=" " tag="035"><subfield code="a">(EXLNZ-41SLSP_NETWORK)991067389059705501</subfield></datafield><datafield ind1=" " ind2=" " tag="040"><subfield code="a">RERO geussc</subfield><subfield code="d">CH-ZuSLS</subfield></datafield><datafield ind1=" " ind2="7" tag="072"><subfield code="a">zo</subfield><subfield code="2">rero</subfield></datafield><datafield ind1="1" ind2=" " tag="100"><subfield code="a">Maisonneuve, Paul</subfield><subfield code="c">zoologue</subfield><subfield code="0">(RERO)A012400331</subfield><subfield code="4">cre</subfield></datafield><datafield ind1="1" ind2="0" tag="245"><subfield code="a">&lt;&lt;La&gt;&gt; destruction de la Cochylis</subfield><subfield code="b">études et expériences</subfield><subfield code="c">par Maisonneuve, L. Moreau, E. Vinet</subfield></datafield><datafield ind1=" " ind2=" " tag="336"><subfield code="b">txt</subfield><subfield code="2">rdacontent</subfield></datafield><datafield ind1=" " ind2=" " tag="337"><subfield code="b">n</subfield><subfield code="2">rdamedia</subfield></datafield><datafield ind1=" " ind2=" " tag="338"><subfield code="b">nc</subfield><subfield code="2">rdacarrier</subfield></datafield><datafield ind1=" " ind2=" " tag="580"><subfield code="a">In: Bulletin de la Société industrielle et agricole d'Angers et du département de Maine-et-Loire. - Angers. - 1909, 45 p.</subfield></datafield><datafield ind1="1" ind2=" " tag="700"><subfield code="a">Moreau, Léon</subfield><subfield code="c">zoologue</subfield><subfield code="0">(RERO)A012400332</subfield></datafield><datafield ind1="1" ind2=" " tag="700"><subfield code="a">Vinet, Emile</subfield><subfield code="d">18..-1942</subfield><subfield code="0">(IDREF)133750787</subfield></datafield><datafield ind1="0" ind2=" " tag="773"><subfield code="t">Bulletin de la Société industrielle et agricole d'Angers et du département de Maine-et-Loire</subfield><subfield code="g">1909</subfield><subfield code="g">yr:1909</subfield></datafield><datafield ind1=" " ind2=" " tag="900"><subfield code="a">REROnoselfmerge</subfield></datafield></record>
</metadata></record>