<record><header><identifier>oai:alma.41SLSP_UGE:991000780739705502</identifier><datestamp>2024-09-28T00:24:59Z</datestamp><setSpec>uge_bcen_RapidILL_BOOK</setSpec><setSpec>uge_aaca_RapidILL_BOOK</setSpec><setSpec>uge_abels_RapidILL_BOOK</setSpec><setSpec>uge_dbu_RapidILL_BOOK</setSpec><setSpec>uge_cmu_RapidILL_BOOK</setSpec><setSpec>uge_mail_RapidILL_BOOK</setSpec><setSpec>uge_abbat_RapidILL_BOOK</setSpec><setSpec>UNIGE_ALL</setSpec><setSpec>uge_aobs_RapidILL_BOOK</setSpec><setSpec>uge_acar_RapidILL_BOOK</setSpec></header><metadata>
<record xmlns="http://www.loc.gov/MARC21/slim" xmlns:xsi="http://www.w3.org/2001/XMLSchema-instance" xsi:schemaLocation="http://www.loc.gov/MARC21/slim http://www.loc.gov/standards/marcxml/schema/MARC21slim.xsd"><leader>01310nam a22003977c 4500</leader><controlfield tag="001">991000780739705502</controlfield><controlfield tag="005">20240927204653.0</controlfield><controlfield tag="008">201012t19921992fr ||||| |||| 00| ||fre d</controlfield><datafield ind1=" " ind2=" " tag="020"><subfield code="a">2704613877</subfield></datafield><datafield ind1="7" ind2=" " tag="024"><subfield code="a">http://catalogue.bnf.fr/ark:/12148/cb35526453g</subfield><subfield code="2">uri</subfield></datafield><datafield ind1=" " ind2=" " tag="035"><subfield code="a">(swissbib)242082173-41slsp_network</subfield></datafield><datafield ind1=" " ind2=" " tag="035"><subfield code="a">242082173</subfield><subfield code="9">ExL</subfield></datafield><datafield ind1=" " ind2=" " tag="035"><subfield code="a">(RERO)R003764348-41slsp</subfield></datafield><datafield ind1=" " ind2=" " tag="035"><subfield code="a">(NEBIS)001258514EBI01</subfield></datafield><datafield ind1=" " ind2=" " tag="035"><subfield code="a">(EXLNZ-41SLSP_NETWORK)991107535579705501</subfield></datafield><datafield ind1=" " ind2=" " tag="040"><subfield code="a">RERO geucmu</subfield><subfield code="d">CH-ZuSLS</subfield></datafield><datafield ind1=" " ind2="7" tag="072"><subfield code="a">me</subfield><subfield code="2">rero</subfield></datafield><datafield ind1="0" ind2="4" tag="082"><subfield code="a">616.852 06</subfield><subfield code="2">22</subfield></datafield><datafield ind1="1" ind2=" " tag="100"><subfield code="a">Dubois, Jean-Claude</subfield><subfield code="c">neuropsychiatre</subfield><subfield code="d">1920-....</subfield><subfield code="0">(IDREF)030578981</subfield><subfield code="4">cre</subfield></datafield><datafield ind1="1" ind2="0" tag="245"><subfield code="a">&lt;&lt;L'&gt;&gt;eau et les maladies nerveuses</subfield><subfield code="c">par Jean-Claude Dubois ; préf. de Claude Laroche</subfield></datafield><datafield ind1=" " ind2="1" tag="264"><subfield code="a">Paris</subfield><subfield code="b">Expansion Scientifique Française</subfield><subfield code="c">[1992]</subfield></datafield><datafield ind1=" " ind2="4" tag="264"><subfield code="c">©1992</subfield></datafield><datafield ind1=" " ind2=" " tag="300"><subfield code="a">375 p.</subfield><subfield code="b">ill.</subfield><subfield code="c">21 cm</subfield></datafield><datafield ind1=" " ind2=" " tag="336"><subfield code="b">txt</subfield><subfield code="2">rdacontent</subfield></datafield><datafield ind1=" " ind2=" " tag="337"><subfield code="b">n</subfield><subfield code="2">rdamedia</subfield></datafield><datafield ind1=" " ind2=" " tag="338"><subfield code="b">nc</subfield><subfield code="2">rdacarrier</subfield></datafield><datafield ind1=" " ind2=" " tag="504"><subfield code="a">Bibliogr.: p. 368-375</subfield></datafield><datafield ind1=" " ind2=" " tag="504"><subfield code="a">Literaturverz.</subfield></datafield><datafield ind1=" " ind2="2" tag="650"><subfield code="a">Hydrotherapy</subfield><subfield code="x">methods</subfield></datafield><datafield ind1=" " ind2="2" tag="650"><subfield code="a">Mental Disorders</subfield><subfield code="x">therapy</subfield></datafield><datafield ind1=" " ind2="2" tag="650"><subfield code="a">Neurotic Disorders</subfield><subfield code="x">therapy</subfield></datafield><datafield ind1=" " ind2="2" tag="650"><subfield code="a">Skin</subfield><subfield code="x">physiology</subfield></datafield><datafield ind1=" " ind2="2" tag="650"><subfield code="a">History of Medicine</subfield></datafield><datafield ind1=" " ind2="7" tag="650"><subfield code="a">Balneologie</subfield><subfield code="2">idszbz</subfield></datafield><datafield ind1=" " ind2="7" tag="650"><subfield code="a">Psychiatrie</subfield><subfield code="2">idszbz</subfield></datafield><datafield ind1="1" ind2=" " tag="700"><subfield code="a">Laroche, Claude</subfield><subfield code="0">(RERO)A003497062</subfield></datafield><datafield ind1=" " ind2=" " tag="900"><subfield code="a">REROnoselfmerge</subfield></datafield></record>
</metadata></record>