<record><header><identifier>oai:alma.41SLSP_UGE:991000780009705502</identifier><datestamp>2024-08-31T00:13:52Z</datestamp><setSpec>uge_bcen_RapidILL_BOOK</setSpec><setSpec>uge_aaca_RapidILL_BOOK</setSpec><setSpec>uge_abels_RapidILL_BOOK</setSpec><setSpec>uge_dbu_RapidILL_BOOK</setSpec><setSpec>uge_cmu_RapidILL_BOOK</setSpec><setSpec>uge_mail_RapidILL_BOOK</setSpec><setSpec>uge_abbat_RapidILL_BOOK</setSpec><setSpec>UNIGE_ALL</setSpec><setSpec>uge_aobs_RapidILL_BOOK</setSpec><setSpec>uge_acar_RapidILL_BOOK</setSpec></header><metadata>
<record xmlns="http://www.loc.gov/MARC21/slim" xmlns:xsi="http://www.w3.org/2001/XMLSchema-instance" xsi:schemaLocation="http://www.loc.gov/MARC21/slim http://www.loc.gov/standards/marcxml/schema/MARC21slim.xsd"><leader>02728ncm a2200649 c 4500</leader><controlfield tag="001">991000780009705502</controlfield><controlfield tag="005">20240830160540.0</controlfield><controlfield tag="008">201011t20122012it ||a              lat|d</controlfield><datafield ind1=" " ind2=" " tag="020"><subfield code="a">9788875929206</subfield></datafield><datafield ind1="2" ind2=" " tag="024"><subfield code="a">9790041396996</subfield></datafield><datafield ind1="2" ind2=" " tag="024"><subfield code="a">M041396996</subfield></datafield><datafield ind1="2" ind2="2" tag="028"><subfield code="a">139699</subfield><subfield code="b">Fondazione Pergolesi Spontini</subfield></datafield><datafield ind1=" " ind2=" " tag="035"><subfield code="a">(swissbib)230363172-41slsp_network</subfield></datafield><datafield ind1=" " ind2=" " tag="035"><subfield code="a">230363172</subfield><subfield code="9">ExL</subfield></datafield><datafield ind1=" " ind2=" " tag="035"><subfield code="a">(IDSBB)006152924DSV01</subfield></datafield><datafield ind1=" " ind2=" " tag="035"><subfield code="a">(RERO)R007548014-41slsp</subfield></datafield><datafield ind1=" " ind2=" " tag="035"><subfield code="a">(NEBIS)007593650EBI01</subfield></datafield><datafield ind1=" " ind2=" " tag="035"><subfield code="a">(OCoLC)820786750</subfield><subfield code="z">(OCoLC)822992440</subfield></datafield><datafield ind1=" " ind2=" " tag="035"><subfield code="a">(OCoLC)820786641</subfield></datafield><datafield ind1=" " ind2=" " tag="035"><subfield code="a">(EXLNZ-41SLSP_NETWORK)991086577319705501</subfield></datafield><datafield ind1=" " ind2=" " tag="040"><subfield code="a">C3L</subfield><subfield code="e">kids</subfield><subfield code="d">CH-ZuSLS</subfield></datafield><datafield ind1=" " ind2="7" tag="072"><subfield code="a">mu</subfield><subfield code="2">SzZuIDS BS/BE</subfield></datafield><datafield ind1=" " ind2="7" tag="072"><subfield code="a">mu</subfield><subfield code="2">rero</subfield></datafield><datafield ind1="1" ind2="4" tag="082"><subfield code="a">780</subfield><subfield code="2">15</subfield></datafield><datafield ind1="1" ind2=" " tag="100"><subfield code="a">Pergolesi, Giovanni Battista</subfield><subfield code="d">1710-1736</subfield><subfield code="0">(DE-588)118739964</subfield><subfield code="6">880-01</subfield></datafield><datafield ind1="1" ind2=" " tag="880"><subfield code="6">100-01</subfield><subfield code="a">Pergolesi, Giovanni Battista</subfield><subfield code="d">1710-1736</subfield><subfield code="0">(IDREF)032077157</subfield><subfield code="4">cre</subfield></datafield><datafield ind1="1" ind2="0" tag="240"><subfield code="a">Stabat Mater</subfield></datafield><datafield ind1="1" ind2="0" tag="245"><subfield code="a">Stabat Mater</subfield><subfield code="c">Giovanni Battista Pergolesi ; ed. critica a cura di Claudio Toscani</subfield></datafield><datafield ind1=" " ind2="1" tag="264"><subfield code="a">Milano</subfield><subfield code="b">Ricordi</subfield><subfield code="c">[2012]</subfield></datafield><datafield ind1=" " ind2="4" tag="264"><subfield code="c">©2012</subfield></datafield><datafield ind1=" " ind2=" " tag="300"><subfield code="a">1 Partitur (76 p.)</subfield><subfield code="b">iil., facsims.</subfield></datafield><datafield ind1=" " ind2=" " tag="336"><subfield code="b">ntm</subfield><subfield code="2">rdacontent</subfield></datafield><datafield ind1=" " ind2=" " tag="337"><subfield code="b">n</subfield><subfield code="2">rdamedia</subfield></datafield><datafield ind1=" " ind2=" " tag="338"><subfield code="b">nc</subfield><subfield code="2">rdacarrier</subfield></datafield><datafield ind1=" " ind2=" " tag="348"><subfield code="a">Partitur</subfield><subfield code="2">gnd-music</subfield></datafield><datafield ind1=" " ind2=" " tag="348"><subfield code="a">partition</subfield><subfield code="2">gnd-music/fre</subfield></datafield><datafield ind1=" " ind2=" " tag="348"><subfield code="a">partitura</subfield><subfield code="2">gnd-music/ita</subfield></datafield><datafield ind1=" " ind2=" " tag="382"><subfield code="a">Sopran</subfield><subfield code="n">1</subfield><subfield code="a">Alt</subfield><subfield code="n">1</subfield><subfield code="a">Streichorchester</subfield><subfield code="n">1</subfield><subfield code="a">Basso continuo</subfield><subfield code="n">1</subfield><subfield code="2">idsmusi</subfield></datafield><datafield ind1="1" ind2=" " tag="490"><subfield code="a">Edizione nazionale delle opere di Giovanni Battista Pergolesi. Serie 7, Sequenza</subfield><subfield code="v">Vol. 1</subfield></datafield><datafield ind1=" " ind2=" " tag="500"><subfield code="a">For soprano, contralto, strings and continuo</subfield></datafield><datafield ind1=" " ind2=" " tag="500"><subfield code="a">Latin words ; printed also as text, p. xxix-xxx and lvii-lviii</subfield></datafield><datafield ind1=" " ind2=" " tag="504"><subfield code="a">Critical matter in Italian with English translation, including bibliographical references, p. [vii]-lxxvii and 61-76</subfield></datafield><datafield ind1=" " ind2="0" tag="650"><subfield code="a">Sacred vocal duets with string orchestra</subfield><subfield code="v">Scores</subfield></datafield><datafield ind1=" " ind2="0" tag="650"><subfield code="a">Stabat Mater dolorosa (Music)</subfield></datafield><datafield ind1=" " ind2="0" tag="650"><subfield code="a">Sequences (Music)</subfield></datafield><datafield ind1=" " ind2="0" tag="650"><subfield code="a">Motets</subfield></datafield><datafield ind1=" " ind2="0" tag="650"><subfield code="a">Passion music</subfield></datafield><datafield ind1=" " ind2="7" tag="655"><subfield code="a">Stabat mater</subfield><subfield code="y">18. Jh.</subfield><subfield code="2">idsmusg</subfield></datafield><datafield ind1=" " ind2=" " tag="690"><subfield code="a">Stabat mater</subfield><subfield code="q">Sopran, Alt, Streichorchester, Basso continuo</subfield><subfield code="t">18. Jh.</subfield><subfield code="v">Noten</subfield><subfield code="2">ids-music</subfield></datafield><datafield ind1=" " ind2=" " tag="690"><subfield code="a">Stabat Mater</subfield><subfield code="t">18. Jh.</subfield><subfield code="v">Noten</subfield><subfield code="2">ids-music</subfield></datafield><datafield ind1="1" ind2=" " tag="700"><subfield code="a">Toscani, Claudio</subfield><subfield code="d">1957-</subfield><subfield code="0">(DE-588)1035386305</subfield><subfield code="6">880-02</subfield></datafield><datafield ind1="1" ind2=" " tag="880"><subfield code="a">Toscani, Claudio</subfield><subfield code="0">(RERO)A003906615</subfield><subfield code="6">700-02</subfield></datafield><datafield ind1="1" ind2=" " tag="800"><subfield code="a">Pergolesi, Giovanni Battista</subfield><subfield code="d">1710-1736</subfield><subfield code="t">Werke</subfield><subfield code="v">7/1</subfield><subfield code="w">(NEBIS)007617758EBI01</subfield></datafield><datafield ind1="1" ind2=" " tag="800"><subfield code="a">Pergolesi, Giovanni Battista</subfield><subfield code="d">1710-1736</subfield><subfield code="t">Sequenzen</subfield><subfield code="v">1</subfield><subfield code="w">(IDSBB)006152916DSV01</subfield></datafield><datafield ind1="1" ind2=" " tag="800"><subfield code="a">Pergolesi, Giovanni Battista</subfield><subfield code="d">1710-1736</subfield><subfield code="t">Werke</subfield><subfield code="v">7</subfield><subfield code="w">(RERO)R007547976-41slsp</subfield></datafield><datafield ind1=" " ind2=" " tag="900"><subfield code="a">REROnoselfmerge</subfield></datafield><datafield ind1=" " ind2=" " tag="900"><subfield code="a">IDSZ2zbzmus201302f</subfield><subfield code="c">IDSZ2sulz</subfield><subfield code="d">IDSZ2zbzswk201302m</subfield></datafield><datafield ind1=" " ind2=" " tag="911"><subfield code="a">100</subfield><subfield code="a">Pergolesi, Giovanni Battista</subfield><subfield code="d">1710-1736</subfield></datafield></record>
</metadata></record>