<record><header><identifier>oai:alma.41SLSP_UGE:991000780109705502</identifier><datestamp>2023-07-03T00:41:50Z</datestamp><setSpec>uge_bcen_RapidILL_BOOK</setSpec><setSpec>uge_aaca_RapidILL_BOOK</setSpec><setSpec>uge_abels_RapidILL_BOOK</setSpec><setSpec>uge_dbu_RapidILL_BOOK</setSpec><setSpec>uge_cmu_RapidILL_BOOK</setSpec><setSpec>uge_mail_RapidILL_BOOK</setSpec><setSpec>uge_abbat_RapidILL_BOOK</setSpec><setSpec>UNIGE_ALL</setSpec><setSpec>uge_aobs_RapidILL_BOOK</setSpec><setSpec>uge_acar_RapidILL_BOOK</setSpec></header><metadata>
<record xmlns="http://www.loc.gov/MARC21/slim" xmlns:xsi="http://www.w3.org/2001/XMLSchema-instance" xsi:schemaLocation="http://www.loc.gov/MARC21/slim http://www.loc.gov/standards/marcxml/schema/MARC21slim.xsd"><leader>04480nam a2200637 c 4500</leader><controlfield tag="001">991000780109705502</controlfield><controlfield tag="005">20230702061144.0</controlfield><controlfield tag="008">201012s1999    xxu           00| | eng d</controlfield><datafield ind1=" " ind2=" " tag="020"><subfield code="a">9780195115420</subfield><subfield code="q">hbk.</subfield></datafield><datafield ind1=" " ind2=" " tag="020"><subfield code="a">0195115422</subfield><subfield code="q">pbk.</subfield></datafield><datafield ind1=" " ind2=" " tag="035"><subfield code="a">(swissbib)238912140-41slsp_network</subfield></datafield><datafield ind1=" " ind2=" " tag="035"><subfield code="a">238912140</subfield><subfield code="9">ExL</subfield></datafield><datafield ind1=" " ind2=" " tag="035"><subfield code="a">(IDSSG)000866152HSB01</subfield></datafield><datafield ind1=" " ind2=" " tag="035"><subfield code="a">(RERO)R239561160-41slsp</subfield></datafield><datafield ind1=" " ind2=" " tag="035"><subfield code="a">(IDSLU)000461599ILU01</subfield></datafield><datafield ind1=" " ind2=" " tag="035"><subfield code="a">(NEBIS)001962894EBI01</subfield></datafield><datafield ind1=" " ind2=" " tag="035"><subfield code="a">(SBT)000113929SBT01</subfield></datafield><datafield ind1=" " ind2=" " tag="035"><subfield code="a">(EXLNZ-41SLSP_NETWORK)991051447779705501</subfield></datafield><datafield ind1=" " ind2=" " tag="040"><subfield code="a">ZBZ</subfield><subfield code="b">ger</subfield><subfield code="e">ETHICS-ISBD</subfield><subfield code="d">CH-ZuSLS</subfield></datafield><datafield ind1=" " ind2="7" tag="072"><subfield code="a">510</subfield><subfield code="2">IDS LU</subfield></datafield><datafield ind1=" " ind2="7" tag="072"><subfield code="a">an</subfield><subfield code="2">rero</subfield></datafield><datafield ind1="0" ind2="0" tag="082"><subfield code="a">808</subfield><subfield code="2">21</subfield></datafield><datafield ind1="1" ind2="4" tag="082"><subfield code="a">808.042</subfield><subfield code="2">21</subfield></datafield><datafield ind1=" " ind2=" " tag="084"><subfield code="a">AK 39700</subfield><subfield code="2">rvk</subfield></datafield><datafield ind1="1" ind2=" " tag="100"><subfield code="a">Corbett, Edward P. J.</subfield><subfield code="d">1919-</subfield><subfield code="0">(DE-588)138166048</subfield><subfield code="4">aut</subfield><subfield code="6">880-01</subfield></datafield><datafield ind1="1" ind2=" " tag="880"><subfield code="6">100-01</subfield><subfield code="a">Corbett, Edward P.J.</subfield><subfield code="0">(IDREF)055059147</subfield><subfield code="4">cre</subfield></datafield><datafield ind1="1" ind2="0" tag="245"><subfield code="a">Classical rhetoric for the modern student</subfield><subfield code="c">Edward P. J. Corbett, Robert J. Connors</subfield></datafield><datafield ind1=" " ind2=" " tag="250"><subfield code="a">Fourth edition</subfield></datafield><datafield ind1=" " ind2="1" tag="264"><subfield code="a">New York</subfield><subfield code="a">Oxford</subfield><subfield code="b">Oxford University Press</subfield><subfield code="c">1999</subfield></datafield><datafield ind1=" " ind2=" " tag="300"><subfield code="a">XII, 562 p.</subfield><subfield code="b">ill.</subfield><subfield code="c">25 cm</subfield></datafield><datafield ind1=" " ind2=" " tag="336"><subfield code="b">txt</subfield><subfield code="2">rdacontent</subfield></datafield><datafield ind1=" " ind2=" " tag="337"><subfield code="b">n</subfield><subfield code="2">rdamedia</subfield></datafield><datafield ind1=" " ind2=" " tag="338"><subfield code="b">nc</subfield><subfield code="2">rdacarrier</subfield></datafield><datafield ind1=" " ind2=" " tag="504"><subfield code="a">Literaturverzeichnis</subfield></datafield><datafield ind1=" " ind2="7" tag="650"><subfield code="a">Analyse du discours</subfield><subfield code="0">(IDREF)18911052X</subfield><subfield code="2">idref</subfield></datafield><datafield ind1=" " ind2="7" tag="650"><subfield code="a">Communication</subfield><subfield code="0">(IDREF)027321657</subfield><subfield code="2">idref</subfield></datafield><datafield ind1=" " ind2="7" tag="650"><subfield code="a">Rhétorique</subfield><subfield code="0">(IDREF)027402673</subfield><subfield code="2">idref</subfield></datafield><datafield ind1=" " ind2="7" tag="650"><subfield code="a">Figures de rhétorique</subfield><subfield code="0">(IDREF)027347419</subfield><subfield code="2">idref</subfield></datafield><datafield ind1=" " ind2="7" tag="650"><subfield code="a">Rhétorique anglaise</subfield><subfield code="0">(RERO)A027726264</subfield><subfield code="2">rero</subfield></datafield><datafield ind1=" " ind2="7" tag="650"><subfield code="a">Rhetorik</subfield><subfield code="0">(DE-588)4076704-8</subfield><subfield code="2">gnd</subfield></datafield><datafield ind1=" " ind2="7" tag="650"><subfield code="a">Antike</subfield><subfield code="0">(DE-588)4068754-5</subfield><subfield code="2">gnd</subfield></datafield><datafield ind1=" " ind2="7" tag="650"><subfield code="a">Argumentationstheorie</subfield><subfield code="0">(DE-588)4112589-7</subfield><subfield code="2">gnd</subfield></datafield><datafield ind1=" " ind2="7" tag="650"><subfield code="a">Rhetorik</subfield><subfield code="2">idszbz</subfield></datafield><datafield ind1=" " ind2="7" tag="650"><subfield code="a">Rhetorikunterricht</subfield><subfield code="0">(DE-588)4465497-2</subfield><subfield code="2">gnd</subfield></datafield><datafield ind1=" " ind2="0" tag="650"><subfield code="a">English language</subfield><subfield code="x">Rhetoric</subfield></datafield><datafield ind1=" " ind2="0" tag="650"><subfield code="a">Rhetoric, Ancient</subfield></datafield><datafield ind1=" " ind2="7" tag="655"><subfield code="a">Lehrbuch</subfield><subfield code="2">gnd-content</subfield></datafield><datafield ind1=" " ind2="7" tag="655"><subfield code="a">Lehrbuch</subfield><subfield code="2">idszbz</subfield></datafield><datafield ind1=" " ind2=" " tag="690"><subfield code="a">Analyse; Lesung; Rhetorik; Kennedy; Arrangement; Bibliographie; Imitation; Redewendung; Carson; Forschungsbericht; Argument; Satz; Student; Diktion; Diskussion; Edition; Einleitung; Entdeckung; Erfindung; Handbuch; Modus; Addison; Blair; Brown; Burke; Luther; Birmingham; Stil; Achilles; Biographie; Konkordanz; Struktur; Appell; Disziplin; Emotion; Genauigkeit; Index; Indiz; Kanoniker; King; Kompetenz; Reinheit; Suchalgorithmus; Zusammensetzung</subfield><subfield code="2">idssg-J</subfield></datafield><datafield ind1=" " ind2=" " tag="690"><subfield code="a">Fachwörterbuch; Literaturverzeichnis; Satzstruktur; Tatsache; Antrittsrede; Ethikappeal; Zeitschriftenanzeigen</subfield><subfield code="2">idssg-J</subfield></datafield><datafield ind1=" " ind2=" " tag="690"><subfield code="a">neunzehntes Jahrhundert; Newer Yorker John; abschließende Bemerkung; achtzehntes Jahrhundert; adäquates Vokabular; aktuelle Analyse; allgemeines Thema; anderes Fachwörterbuch; andere Methode; bibliografisch Guides; biblische Konkordanz; edeler Herr; externe Hilfe; gesandtes Plädieren; grammatische Kompetenz; klassisch Rhetorics; klassische Rhetorik; kritische Prüfung; kurze Erklärung; moderner Student; rhetorische Analyse; rhetorische Erfindung; sechzehntes Jahrhundert; siebzehntes Jahrhundert; spezielles Thema; verschiedene Disziplin; vierte Edition; ziviler Ungehorsam; zwanzigstes Jahrhundert; überzeugender Diskurs</subfield><subfield code="2">idssg-J</subfield></datafield><datafield ind1=" " ind2=" " tag="690"><subfield code="a">Großbritannien C4EUUK; Vereinigte Staaten C1USA; Wisconsin C1USA; Griechenland C4EUGR; Frankreich C4EUFR</subfield><subfield code="2">idssg-J</subfield></datafield><datafield ind1=" " ind2=" " tag="690"><subfield code="a">Achilles Plädieren; Art Analysierte; Boy Learns to Write; Connors New Yor; David Thoreau; Edmund Burke; Einleitung Rhetorische Analyse; extern Hilfen Erfindung; Homer Die; Hugh Blair Kritische Prüfung; James Madison The Federalist; Katharine Sergeant Weiß; Katherine Sergeant White Obituary; Learns to Write; Luther King Jr; Madison The Federalist; Manuel Bilsky McCrea Hazlett; Mar Ashin; Matthew Arnold Literatur; Mr. Addison; New Yorker Yorker John Kennedys Antrittsrede; Of the Year; Rachel Carson; Richard Fulkerson; Richard Larson; Richard Weaver; Robert Connors New Yor; Robert Streeter; Sergeant White Obituary; Sj Abschließende Bemerkungen; Sokrates Apology; Student Edward Corbett Robert Connors New Yor Oxford; Thomas Henry Huxley Wissenschaft; Thomas Sancton Planet of the Year; Unterricht Rhetorische Erfindung; Vernakuläre Rhetorics; Virginia Woolf; Walter Brown</subfield><subfield code="2">idssg-J</subfield></datafield><datafield ind1=" " ind2=" " tag="691"><subfield code="e">808</subfield><subfield code="a">Retorica e raccolte di testi letterari tratti da più di due letterature</subfield><subfield code="2">usi-TE</subfield></datafield><datafield ind1="1" ind2=" " tag="700"><subfield code="a">Connors, Robert J.</subfield><subfield code="4">aut</subfield></datafield><datafield ind1="4" ind2=" " tag="856"><subfield code="u">https://tools.unisg.ch/url/hm00447549</subfield><subfield code="z">Inhaltsverzeichnis</subfield></datafield><datafield ind1=" " ind2=" " tag="949"><subfield code="a">https://tools.unisg.ch/url/hm00447549</subfield></datafield></record>
</metadata></record>