<record><header><identifier>oai:alma.41SLSP_UGE:991000780629705502</identifier><datestamp>2023-06-26T00:15:07Z</datestamp><setSpec>UNIGE_ALL</setSpec></header><metadata>
<record xmlns="http://www.loc.gov/MARC21/slim" xmlns:xsi="http://www.w3.org/2001/XMLSchema-instance" xsi:schemaLocation="http://www.loc.gov/MARC21/slim http://www.loc.gov/standards/marcxml/schema/MARC21slim.xsd"><leader>01401ngm a2200373 c 4500</leader><controlfield tag="001">991000780629705502</controlfield><controlfield tag="005">20230625173301.0</controlfield><controlfield tag="007">vd |v||||</controlfield><controlfield tag="008">050221s2004    xxk||| |          v|eng d</controlfield><datafield ind1="4" ind2="2" tag="028"><subfield code="a">CIN16DVD002FR</subfield></datafield><datafield ind1=" " ind2=" " tag="035"><subfield code="a">(swissbib)101608497-41slsp_network</subfield></datafield><datafield ind1=" " ind2=" " tag="035"><subfield code="a">101608497</subfield><subfield code="9">ExL</subfield></datafield><datafield ind1=" " ind2=" " tag="035"><subfield code="a">(RERO)R003794463-41slsp</subfield></datafield><datafield ind1=" " ind2=" " tag="035"><subfield code="a">(EXLNZ-41SLSP_NETWORK)991006110549705501</subfield></datafield><datafield ind1=" " ind2=" " tag="040"><subfield code="a">RERO labcud</subfield><subfield code="d">CH-ZuSLS</subfield></datafield><datafield ind1="0" ind2=" " tag="041"><subfield code="a">eng</subfield><subfield code="a">fre</subfield><subfield code="a">ger</subfield><subfield code="a">ita</subfield><subfield code="a">spa</subfield></datafield><datafield ind1=" " ind2="7" tag="072"><subfield code="a">ba</subfield><subfield code="2">rero</subfield></datafield><datafield ind1="0" ind2="0" tag="245"><subfield code="a">Cinéma 16</subfield><subfield code="b">courts métrages européens = European short films</subfield><subfield code="c">prod. by Luke Morris</subfield></datafield><datafield ind1="1" ind2=" " tag="246"><subfield code="a">Courts métrages européens</subfield></datafield><datafield ind1="1" ind2=" " tag="246"><subfield code="a">European short films</subfield></datafield><datafield ind1=" " ind2="1" tag="264"><subfield code="a">[Lieu de publication non identifié]</subfield><subfield code="b">Momac Films Ltd.</subfield><subfield code="b">Cinema 16</subfield><subfield code="c">[ca 2004]</subfield></datafield><datafield ind1=" " ind2=" " tag="300"><subfield code="a">1 DVD vidéo (ca 210 min)</subfield><subfield code="b">noir-blanc et couleur PAL</subfield><subfield code="e">1 fasc. (16 p.)</subfield></datafield><datafield ind1=" " ind2=" " tag="336"><subfield code="b">tdi</subfield><subfield code="2">rdacontent</subfield></datafield><datafield ind1=" " ind2=" " tag="337"><subfield code="b">v</subfield><subfield code="2">rdamedia</subfield></datafield><datafield ind1=" " ind2=" " tag="338"><subfield code="b">vd</subfield><subfield code="2">rdacarrier</subfield></datafield><datafield ind1=" " ind2=" " tag="500"><subfield code="a">16 films accompagnés de commentaires audio (en anglais)</subfield></datafield><datafield ind1=" " ind2=" " tag="500"><subfield code="a">Sous-titres: Anglais, français, allemand, italien, espagnol</subfield></datafield><datafield ind1=" " ind2=" " tag="500"><subfield code="a">Données vidéo</subfield></datafield><datafield ind1=" " ind2="7" tag="650"><subfield code="a">Courts métrages</subfield><subfield code="0">(IDREF)027581799</subfield><subfield code="2">idref</subfield></datafield><datafield ind1=" " ind2="7" tag="650"><subfield code="a">1957-2003</subfield><subfield code="2">rero</subfield></datafield><datafield ind1=" " ind2="7" tag="650"><subfield code="a">Cinéma européen</subfield><subfield code="0">(RERO)A022497300</subfield><subfield code="2">rero</subfield></datafield><datafield ind1=" " ind2="7" tag="655"><subfield code="a">DVD</subfield><subfield code="2">idref</subfield><subfield code="0">(IDREF)035108444</subfield></datafield><datafield ind1=" " ind2="7" tag="655"><subfield code="a">Anthologies</subfield><subfield code="0">(IDREF)027269493</subfield><subfield code="2">idref</subfield></datafield><datafield ind1=" " ind2="7" tag="655"><subfield code="a">Films de fiction</subfield><subfield code="0">(IDREF)14779644X</subfield><subfield code="2">idref</subfield></datafield><datafield ind1="1" ind2=" " tag="700"><subfield code="a">Morris, Luke</subfield><subfield code="0">(RERO)A011314111</subfield></datafield></record>
</metadata></record>