<record><header><identifier>oai:alma.41SLSP_UGE:991000780319705502</identifier><datestamp>2024-10-05T00:09:03Z</datestamp><setSpec>uge_bcen_RapidILL_BOOK</setSpec><setSpec>uge_aaca_RapidILL_BOOK</setSpec><setSpec>uge_abels_RapidILL_BOOK</setSpec><setSpec>uge_dbu_RapidILL_BOOK</setSpec><setSpec>uge_cmu_RapidILL_BOOK</setSpec><setSpec>uge_mail_RapidILL_BOOK</setSpec><setSpec>uge_abbat_RapidILL_BOOK</setSpec><setSpec>UNIGE_ALL</setSpec><setSpec>uge_aobs_RapidILL_BOOK</setSpec><setSpec>uge_acar_RapidILL_BOOK</setSpec></header><metadata>
<record xmlns="http://www.loc.gov/MARC21/slim" xmlns:xsi="http://www.w3.org/2001/XMLSchema-instance" xsi:schemaLocation="http://www.loc.gov/MARC21/slim http://www.loc.gov/standards/marcxml/schema/MARC21slim.xsd"><leader>01418nam a2200433 c 4500</leader><controlfield tag="001">991000780319705502</controlfield><controlfield tag="005">20241004210719.0</controlfield><controlfield tag="008">201011s1998    xxu||||| |||| 00| ||eng d</controlfield><datafield ind1=" " ind2=" " tag="020"><subfield code="a">1557865817</subfield></datafield><datafield ind1=" " ind2=" " tag="020"><subfield code="a">1557865825</subfield><subfield code="q">pbk.</subfield></datafield><datafield ind1=" " ind2=" " tag="035"><subfield code="a">(swissbib)225307499-41slsp_network</subfield></datafield><datafield ind1=" " ind2=" " tag="035"><subfield code="a">225307499</subfield><subfield code="9">ExL</subfield></datafield><datafield ind1=" " ind2=" " tag="035"><subfield code="a">(RERO)R003048423-41slsp</subfield></datafield><datafield ind1=" " ind2=" " tag="035"><subfield code="a">(IDSBB)001576245DSV01</subfield></datafield><datafield ind1=" " ind2=" " tag="035"><subfield code="a">(EXLNZ-41SLSP_NETWORK)991106205099705501</subfield></datafield><datafield ind1=" " ind2=" " tag="040"><subfield code="a">RERO geuth-</subfield><subfield code="d">CH-ZuSLS</subfield></datafield><datafield ind1=" " ind2=" " tag="044"><subfield code="a">xxu</subfield><subfield code="a">xxk</subfield></datafield><datafield ind1=" " ind2="7" tag="072"><subfield code="a">th</subfield><subfield code="2">rero</subfield></datafield><datafield ind1=" " ind2="7" tag="072"><subfield code="a">ph</subfield><subfield code="2">rero</subfield></datafield><datafield ind1=" " ind2="7" tag="072"><subfield code="a">ph</subfield><subfield code="2">SzZuIDS BS/BE</subfield></datafield><datafield ind1=" " ind2=" " tag="084"><subfield code="a">BG 2220</subfield><subfield code="2">rvk</subfield></datafield><datafield ind1=" " ind2=" " tag="084"><subfield code="a">CC 8500</subfield><subfield code="2">rvk</subfield></datafield><datafield ind1=" " ind2=" " tag="084"><subfield code="a">ER 640</subfield><subfield code="2">rvk</subfield></datafield><datafield ind1="1" ind2=" " tag="100"><subfield code="a">Stiver, Dan R.</subfield><subfield code="0">(RERO)A003865891</subfield><subfield code="4">cre</subfield></datafield><datafield ind1="1" ind2="0" tag="245"><subfield code="a">&lt;&lt;The&gt;&gt; philosophy of religious language</subfield><subfield code="b">sign, symbol, and story</subfield><subfield code="c">Dan R. Stiver</subfield></datafield><datafield ind1=" " ind2=" " tag="250"><subfield code="a">[Reprinted]</subfield></datafield><datafield ind1=" " ind2="1" tag="264"><subfield code="a">Malden Mass.</subfield><subfield code="a">Oxford</subfield><subfield code="b">Blackwell</subfield><subfield code="c">1998</subfield></datafield><datafield ind1=" " ind2=" " tag="300"><subfield code="a">XIII, 258 p.</subfield><subfield code="c">24 cm</subfield></datafield><datafield ind1=" " ind2=" " tag="336"><subfield code="b">txt</subfield><subfield code="2">rdacontent</subfield></datafield><datafield ind1=" " ind2=" " tag="337"><subfield code="b">n</subfield><subfield code="2">rdamedia</subfield></datafield><datafield ind1=" " ind2=" " tag="338"><subfield code="b">nc</subfield><subfield code="2">rdacarrier</subfield></datafield><datafield ind1=" " ind2="7" tag="650"><subfield code="a">langage religieux</subfield><subfield code="0">(RERO)A010105905</subfield><subfield code="2">rerovoc</subfield></datafield><datafield ind1=" " ind2="7" tag="650"><subfield code="a">Philosophie</subfield><subfield code="0">(IDREF)027295206</subfield><subfield code="2">idref</subfield></datafield><datafield ind1=" " ind2="7" tag="650"><subfield code="a">Religion</subfield><subfield code="0">(IDREF)027636895</subfield><subfield code="2">idref</subfield></datafield><datafield ind1=" " ind2="7" tag="650"><subfield code="a">Signe (linguistique)</subfield><subfield code="0">(IDREF)027478653</subfield><subfield code="2">idref</subfield></datafield><datafield ind1=" " ind2="7" tag="650"><subfield code="a">Signes et symboles</subfield><subfield code="0">(IDREF)027318516</subfield><subfield code="2">idref</subfield></datafield><datafield ind1=" " ind2="7" tag="650"><subfield code="a">Sprachphilosophie</subfield><subfield code="x">Theologie</subfield><subfield code="2">idsbb</subfield></datafield><datafield ind1=" " ind2="7" tag="650"><subfield code="a">Theologie</subfield><subfield code="x">Sprachphilosophie</subfield><subfield code="2">idsbb</subfield></datafield><datafield ind1=" " ind2="7" tag="650"><subfield code="a">Religionsphilosophie</subfield><subfield code="2">idsbb</subfield></datafield><datafield ind1=" " ind2=" " tag="900"><subfield code="a">REROnoselfmerge</subfield></datafield></record>
</metadata></record>