<record><header><identifier>oai:alma.41SLSP_UGE:991000780839705502</identifier><datestamp>2023-03-10T01:08:14Z</datestamp><setSpec>uge_bcen_RapidILL_BOOK</setSpec><setSpec>uge_aaca_RapidILL_BOOK</setSpec><setSpec>uge_abels_RapidILL_BOOK</setSpec><setSpec>uge_dbu_RapidILL_BOOK</setSpec><setSpec>uge_cmu_RapidILL_BOOK</setSpec><setSpec>uge_mail_RapidILL_BOOK</setSpec><setSpec>uge_abbat_RapidILL_BOOK</setSpec><setSpec>UNIGE_ALL</setSpec><setSpec>uge_acar_RapidILL_BOOK</setSpec><setSpec>uge_aobs_RapidILL_BOOK</setSpec></header><metadata>
<record xmlns="http://www.loc.gov/MARC21/slim" xmlns:xsi="http://www.w3.org/2001/XMLSchema-instance" xsi:schemaLocation="http://www.loc.gov/MARC21/slim http://www.loc.gov/standards/marcxml/schema/MARC21slim.xsd"><leader>03280nam a2200733 c 4500</leader><controlfield tag="001">991000780839705502</controlfield><controlfield tag="005">20230309091638.0</controlfield><controlfield tag="008">201012s2019    gw |||||      00| ||ger| </controlfield><datafield ind1=" " ind2=" " tag="015"><subfield code="a">18,N43</subfield><subfield code="2">dnb</subfield></datafield><datafield ind1="7" ind2=" " tag="016"><subfield code="a">1169424074</subfield><subfield code="2">DE-101</subfield></datafield><datafield ind1=" " ind2=" " tag="020"><subfield code="z">9783863317898</subfield><subfield code="q">E-Book</subfield></datafield><datafield ind1=" " ind2=" " tag="020"><subfield code="a">386331445X</subfield></datafield><datafield ind1=" " ind2=" " tag="020"><subfield code="a">9783863314453</subfield><subfield code="c">EUR 24.00 (DE), EUR 24.70 (AT)</subfield></datafield><datafield ind1="3" ind2=" " tag="024"><subfield code="a">9783863314453</subfield></datafield><datafield ind1=" " ind2=" " tag="035"><subfield code="a">(swissbib)242669875-41slsp_network</subfield></datafield><datafield ind1=" " ind2=" " tag="035"><subfield code="a">242669875</subfield><subfield code="9">ExL</subfield></datafield><datafield ind1=" " ind2=" " tag="035"><subfield code="a">(IDSLU)001344636ILU01</subfield></datafield><datafield ind1=" " ind2=" " tag="035"><subfield code="a">(NEBIS)011578560EBI01</subfield></datafield><datafield ind1=" " ind2=" " tag="035"><subfield code="a">(RERO)R008924066-41slsp</subfield></datafield><datafield ind1=" " ind2=" " tag="035"><subfield code="a">(DE-599)DNB1169424074</subfield></datafield><datafield ind1=" " ind2=" " tag="035"><subfield code="a">(OCoLC)1057865312</subfield></datafield><datafield ind1=" " ind2=" " tag="035"><subfield code="a">(EXLNZ-41SLSP_NETWORK)991034705699705501</subfield></datafield><datafield ind1=" " ind2=" " tag="040"><subfield code="a">1145</subfield><subfield code="b">ger</subfield><subfield code="e">rda</subfield><subfield code="d">CH-ZuSLS</subfield></datafield><datafield ind1="0" ind2=" " tag="041"><subfield code="a">ger</subfield></datafield><datafield ind1=" " ind2=" " tag="044"><subfield code="c">XA-DE-BE</subfield></datafield><datafield ind1=" " ind2="7" tag="072"><subfield code="a">630</subfield><subfield code="2">IDS LU</subfield></datafield><datafield ind1=" " ind2="7" tag="072"><subfield code="a">ht</subfield><subfield code="2">rero</subfield></datafield><datafield ind1="0" ind2="4" tag="082"><subfield code="a">940.5318</subfield><subfield code="q">DE-101</subfield><subfield code="2">23/ger</subfield></datafield><datafield ind1="1" ind2="4" tag="082"><subfield code="a">940</subfield><subfield code="2">15</subfield></datafield><datafield ind1="1" ind2="4" tag="082"><subfield code="a">943.8</subfield><subfield code="2">15</subfield></datafield><datafield ind1="7" ind2=" " tag="083"><subfield code="a">940</subfield><subfield code="q">DE-101</subfield><subfield code="2">23sdnb</subfield></datafield><datafield ind1=" " ind2=" " tag="084"><subfield code="a">NQ 2350</subfield><subfield code="2">rvk</subfield></datafield><datafield ind1=" " ind2=" " tag="084"><subfield code="a">NQ 2360</subfield><subfield code="2">rvk</subfield></datafield><datafield ind1=" " ind2=" " tag="085"><subfield code="b">940.5318</subfield></datafield><datafield ind1="2" ind2=" " tag="111"><subfield code="a">&lt;&lt;Die&gt;&gt; &quot;Aktion Reinhardt&quot;. Wissenschaft, Gedenken und Erinnerung im deutsch-polnischen Kontext</subfield><subfield code="g">Veranstaltung</subfield><subfield code="d">Berlin</subfield><subfield code="c">2017</subfield><subfield code="0">(DE-588)1190599759</subfield></datafield><datafield ind1="1" ind2="0" tag="245"><subfield code="a">&lt;&lt;Die&gt;&gt; &quot;Aktion Reinhardt&quot;</subfield><subfield code="b">Geschichte und Gedenken</subfield><subfield code="c">Stephan Lehnstaedt, Robert Traba (Hrsg.)</subfield></datafield><datafield ind1=" " ind2="1" tag="264"><subfield code="a">Berlin</subfield><subfield code="b">Metropol</subfield><subfield code="c">[2019]</subfield></datafield><datafield ind1=" " ind2="4" tag="264"><subfield code="c">© 2019</subfield></datafield><datafield ind1=" " ind2=" " tag="300"><subfield code="a">395 Seiten</subfield><subfield code="b">Illustrationen</subfield></datafield><datafield ind1=" " ind2=" " tag="336"><subfield code="b">txt</subfield><subfield code="2">rdacontent</subfield></datafield><datafield ind1=" " ind2=" " tag="337"><subfield code="b">n</subfield><subfield code="2">rdamedia</subfield></datafield><datafield ind1=" " ind2=" " tag="338"><subfield code="b">nc</subfield><subfield code="2">rdacarrier</subfield></datafield><datafield ind1="1" ind2=" " tag="490"><subfield code="a">Studien zu Holocaust und Gewaltgeschichte</subfield><subfield code="v">Band 1</subfield></datafield><datafield ind1=" " ind2=" " tag="500"><subfield code="a">Dieser Band geht auf eine Tagung zurück, die das Touro College Berlin vom 06.-07.07.2017 gemeinsam mit dem Zentrum für Historische Forschung Berlin der Polnischen Akademie der Wissenschaften in Berlin ausgerichtet hat.</subfield></datafield><datafield ind1=" " ind2=" " tag="500"><subfield code="a">Personenregister</subfield></datafield><datafield ind1=" " ind2=" " tag="500"><subfield code="a">&quot;...geht auf eine Konferenz zurück, die das Touro College Berlin im Juli 2017 gemeinsam mit dem Zentrum für Historische Forschung Berlin der Polnischen Akademie der Wissenschaften (CBH PAN) in deren Raümen in Berlin-Pankow ausrichtete.&quot;. - Seite 23</subfield></datafield><datafield ind1=" " ind2="7" tag="648"><subfield code="a">Geschichte 1942-1943</subfield><subfield code="2">gnd</subfield></datafield><datafield ind1=" " ind2="7" tag="648"><subfield code="a">Geschichte 1941-1944</subfield><subfield code="2">gnd</subfield></datafield><datafield ind1=" " ind2="7" tag="648"><subfield code="a">Geschichte</subfield><subfield code="2">gnd</subfield></datafield><datafield ind1=" " ind2="7" tag="650"><subfield code="a">Aktion Reinhardt</subfield><subfield code="0">(DE-588)1161097716</subfield><subfield code="2">gnd</subfield></datafield><datafield ind1=" " ind2="7" tag="650"><subfield code="a">Judenvernichtung</subfield><subfield code="0">(DE-588)4073091-8</subfield><subfield code="2">gnd</subfield></datafield><datafield ind1=" " ind2="7" tag="650"><subfield code="a">Shoah</subfield><subfield code="0">(IDREF)027355950</subfield><subfield code="2">idref</subfield></datafield><datafield ind1=" " ind2="7" tag="650"><subfield code="a">Aktion Reinhardt (1942-1943)</subfield><subfield code="0">(IDREF)230342558</subfield><subfield code="2">idref</subfield></datafield><datafield ind1=" " ind2="7" tag="651"><subfield code="a">Polen</subfield><subfield code="0">(DE-588)4046496-9</subfield><subfield code="2">gnd</subfield></datafield><datafield ind1=" " ind2="7" tag="655"><subfield code="a">Aufsatzsammlung</subfield><subfield code="2">gnd-content</subfield></datafield><datafield ind1=" " ind2="7" tag="655"><subfield code="a">Konferenzschrift</subfield><subfield code="z">Berlin</subfield><subfield code="y">2017</subfield><subfield code="2">gnd-content</subfield></datafield><datafield ind1="1" ind2=" " tag="700"><subfield code="a">Traba, Robert</subfield><subfield code="d">1958-</subfield><subfield code="0">(DE-588)122507193</subfield><subfield code="e">Herausgeber</subfield><subfield code="4">edt</subfield><subfield code="6">880-02</subfield></datafield><datafield ind1="1" ind2=" " tag="880"><subfield code="6">700-02</subfield><subfield code="a">Traba, Robert</subfield><subfield code="d">1958-....</subfield><subfield code="0">(IDREF)058599843</subfield><subfield code="4">edt</subfield></datafield><datafield ind1="1" ind2=" " tag="700"><subfield code="a">Lehnstaedt, Stephan</subfield><subfield code="d">1980-</subfield><subfield code="0">(DE-588)141571853</subfield><subfield code="e">Herausgeber</subfield><subfield code="4">edt</subfield><subfield code="6">880-03</subfield></datafield><datafield ind1="1" ind2=" " tag="880"><subfield code="6">700-03</subfield><subfield code="a">Lehnstaedt, Stephan</subfield><subfield code="d">1980-....</subfield><subfield code="0">(IDREF)109089413</subfield><subfield code="4">edt</subfield></datafield><datafield ind1="4" ind2=" " tag="856"><subfield code="3">Titelblatt und Inhaltsverzeichnis</subfield><subfield code="u">https://toc.library.ethz.ch/objects/pdf03/z01_978-3-86331-445-3_01.pdf</subfield><subfield code="q">pdf</subfield></datafield><datafield ind1=" " ind2="0" tag="830"><subfield code="a">Studien zu Holocaust und Gewaltgeschichte</subfield><subfield code="v">1</subfield><subfield code="w">(RERO)R008935832-41slsp</subfield></datafield><datafield ind1=" " ind2=" " tag="900"><subfield code="a">IDSZ2zbzmon202005f</subfield><subfield code="c">IDSZ2parz</subfield></datafield><datafield ind1=" " ind2=" " tag="900"><subfield code="a">REROnoselfmerge</subfield></datafield><datafield ind1=" " ind2=" " tag="949"><subfield code="a">https://toc.library.ethz.ch/objects/pdf03/z01_978-3-86331-445-3_01.pdf</subfield></datafield></record>
</metadata></record>