<record><header><identifier>oai:alma.41SLSP_UGE:991000780459705502</identifier><datestamp>2023-03-01T01:10:15Z</datestamp><setSpec>uge_bcen_RapidILL_BOOK</setSpec><setSpec>uge_aaca_RapidILL_BOOK</setSpec><setSpec>uge_abels_RapidILL_BOOK</setSpec><setSpec>uge_dbu_RapidILL_BOOK</setSpec><setSpec>uge_cmu_RapidILL_BOOK</setSpec><setSpec>uge_mail_RapidILL_BOOK</setSpec><setSpec>uge_abbat_RapidILL_BOOK</setSpec><setSpec>UNIGE_ALL</setSpec><setSpec>uge_aobs_RapidILL_BOOK</setSpec><setSpec>uge_acar_RapidILL_BOOK</setSpec></header><metadata>
<record xmlns="http://www.loc.gov/MARC21/slim" xmlns:xsi="http://www.w3.org/2001/XMLSchema-instance" xsi:schemaLocation="http://www.loc.gov/MARC21/slim http://www.loc.gov/standards/marcxml/schema/MARC21slim.xsd"><leader>04423nam a22008537c 4500</leader><controlfield tag="001">991000780459705502</controlfield><controlfield tag="005">20230228193228.0</controlfield><controlfield tag="008">201012s2016    xxu||||| |||| 00| ||eng d</controlfield><datafield ind1=" " ind2=" " tag="010"><subfield code="a">2015031532</subfield></datafield><datafield ind1=" " ind2=" " tag="020"><subfield code="a">9781585624942</subfield><subfield code="q">paperback</subfield></datafield><datafield ind1=" " ind2=" " tag="035"><subfield code="a">(swissbib)241149177-41slsp_network</subfield></datafield><datafield ind1=" " ind2=" " tag="035"><subfield code="a">241149177</subfield><subfield code="9">ExL</subfield></datafield><datafield ind1=" " ind2=" " tag="035"><subfield code="a">(RERO)R008354125-41slsp</subfield></datafield><datafield ind1=" " ind2=" " tag="035"><subfield code="a">(NEBIS)010511482EBI01</subfield></datafield><datafield ind1=" " ind2=" " tag="035"><subfield code="a">(OCoLC)918940736</subfield><subfield code="z">(OCoLC)916722889</subfield></datafield><datafield ind1=" " ind2=" " tag="035"><subfield code="a">(EXLNZ-41SLSP_NETWORK)991014297749705501</subfield></datafield><datafield ind1=" " ind2=" " tag="040"><subfield code="a">DNLM/DLC</subfield><subfield code="d">CH-ZuSLS</subfield></datafield><datafield ind1=" " ind2="0" tag="050"><subfield code="a">RJ503</subfield></datafield><datafield ind1=" " ind2="0" tag="060"><subfield code="a">WS 39</subfield></datafield><datafield ind1=" " ind2="7" tag="072"><subfield code="a">ps</subfield><subfield code="2">rero</subfield></datafield><datafield ind1="0" ind2="0" tag="082"><subfield code="a">616.8900835</subfield><subfield code="2">23</subfield></datafield><datafield ind1="1" ind2="4" tag="082"><subfield code="a">150</subfield><subfield code="2">15</subfield></datafield><datafield ind1="1" ind2=" " tag="100"><subfield code="a">Hilt, Robert J.</subfield><subfield code="d">1969-</subfield><subfield code="0">(DE-588)1103493760</subfield><subfield code="e">Verfasser</subfield><subfield code="4">aut</subfield><subfield code="6">880-01</subfield></datafield><datafield ind1="1" ind2=" " tag="880"><subfield code="6">100-01</subfield><subfield code="a">Hilt, Robert J.</subfield><subfield code="0">(IDREF)197625711</subfield><subfield code="4">cre</subfield></datafield><datafield ind1="1" ind2="0" tag="245"><subfield code="a">DSM-5® pocket guide for child and adolescent mental health</subfield><subfield code="c">by Robert J. Hilt, Abraham M. Nussbaum</subfield></datafield><datafield ind1="1" ind2=" " tag="246"><subfield code="a">Diagnostic and statistical manual of mental disorders-5 pocket guide for child and adolescent mental health</subfield></datafield><datafield ind1="1" ind2=" " tag="246"><subfield code="a">Diagnostic and statistical manual of mental disorders-five pocket guide for child and adolescent mental health</subfield></datafield><datafield ind1="1" ind2=" " tag="246"><subfield code="a">Pocket guide for child and adolescent mental health</subfield></datafield><datafield ind1="1" ind2="3" tag="246"><subfield code="a">DSM-5 pocket guide for child and adolescent mental health</subfield></datafield><datafield ind1=" " ind2=" " tag="250"><subfield code="a">First edition</subfield></datafield><datafield ind1=" " ind2="1" tag="264"><subfield code="a">Arlington, Virginia</subfield><subfield code="b">American Psychiatric Association Publishing</subfield><subfield code="c">2016</subfield></datafield><datafield ind1=" " ind2=" " tag="300"><subfield code="a">viii, 347 pages</subfield><subfield code="b">illustrations</subfield></datafield><datafield ind1=" " ind2=" " tag="336"><subfield code="b">txt</subfield><subfield code="2">rdacontent</subfield></datafield><datafield ind1=" " ind2=" " tag="337"><subfield code="b">n</subfield><subfield code="2">rdamedia</subfield></datafield><datafield ind1=" " ind2=" " tag="338"><subfield code="b">nc</subfield><subfield code="2">rdacarrier</subfield></datafield><datafield ind1=" " ind2=" " tag="504"><subfield code="a">Includes bibliographical references and index</subfield></datafield><datafield ind1="0" ind2=" " tag="505"><subfield code="a">Addressing behavioral and mental problems in community settings -- Common clinical concerns -- The 15-minute pediatric diagnostic interview -- The 30-minute pediatric diagnostic interview -- DSM-5 pediatric interview -- A brief version of DSM-5 -- A stepwise approach to differential diagnosis -- The mental state examination : a psychiatric glossary -- Selected DSM-5 assessment measures -- Rating scales and alternative diagnostic systems -- Developmental milestones -- Mental health treatment planning -- Psychosocial interventions -- Psychotherapeutic interventions -- Psychopharmacology -- Ideas for practice, education, and research</subfield></datafield><datafield ind1="0" ind2="2" tag="630"><subfield code="a">Diagnostic and Statistical Manual of Mental Disorders</subfield></datafield><datafield ind1="0" ind2="7" tag="630"><subfield code="a">Diagnostic and Statistical Manual of Mental Disorders</subfield><subfield code="0">(IDREF)169248178</subfield><subfield code="2">idref</subfield></datafield><datafield ind1="0" ind2="7" tag="630"><subfield code="a">Diagnostic and statistical manual of mental disorders</subfield><subfield code="g">2013</subfield><subfield code="0">(DE-588)103685650X</subfield><subfield code="2">gnd</subfield></datafield><datafield ind1="0" ind2="2" tag="630"><subfield code="a">Diagnostic and statistical manual of mental disorders</subfield><subfield code="s">5th ed</subfield></datafield><datafield ind1=" " ind2="2" tag="650"><subfield code="a">Mental Disorders</subfield><subfield code="x">diagnosis</subfield></datafield><datafield ind1=" " ind2="2" tag="650"><subfield code="a">Mental Disorders</subfield><subfield code="x">therapy</subfield></datafield><datafield ind1=" " ind2="2" tag="650"><subfield code="a">Adolescent</subfield></datafield><datafield ind1=" " ind2="2" tag="650"><subfield code="a">Child</subfield></datafield><datafield ind1=" " ind2="2" tag="650"><subfield code="a">Interview, Psychological</subfield><subfield code="x">methods</subfield></datafield><datafield ind1=" " ind2="7" tag="650"><subfield code="a">Enfants</subfield><subfield code="0">(IDREF)027233278</subfield><subfield code="2">idref</subfield></datafield><datafield ind1=" " ind2="7" tag="650"><subfield code="a">Adolescents</subfield><subfield code="0">(IDREF)027276228</subfield><subfield code="2">idref</subfield></datafield><datafield ind1=" " ind2="7" tag="650"><subfield code="a">Psychodiagnostics</subfield><subfield code="0">(IDREF)027872718</subfield><subfield code="2">idref</subfield></datafield><datafield ind1=" " ind2="7" tag="650"><subfield code="a">Psychopathologie</subfield><subfield code="0">(IDREF)027362094</subfield><subfield code="2">idref</subfield></datafield><datafield ind1=" " ind2="7" tag="650"><subfield code="a">Entretiens</subfield><subfield code="0">(IDREF)027235246</subfield><subfield code="2">idref</subfield></datafield><datafield ind1=" " ind2="7" tag="650"><subfield code="a">Psychologie</subfield><subfield code="0">(IDREF)027346900</subfield><subfield code="2">idref</subfield></datafield><datafield ind1=" " ind2="7" tag="650"><subfield code="a">Kind</subfield><subfield code="0">(DE-588)4030550-8</subfield><subfield code="2">gnd</subfield></datafield><datafield ind1=" " ind2="7" tag="650"><subfield code="a">Jugend</subfield><subfield code="0">(DE-588)4028859-6</subfield><subfield code="2">gnd</subfield></datafield><datafield ind1=" " ind2="7" tag="650"><subfield code="a">Psychische Störung</subfield><subfield code="0">(DE-588)4047686-8</subfield><subfield code="2">gnd</subfield></datafield><datafield ind1=" " ind2="7" tag="650"><subfield code="a">Klassifikation</subfield><subfield code="0">(DE-588)4030958-7</subfield><subfield code="2">gnd</subfield></datafield><datafield ind1=" " ind2="7" tag="650"><subfield code="a">Diagnosenschlüssel</subfield><subfield code="0">(DE-588)4192596-8</subfield><subfield code="2">gnd</subfield></datafield><datafield ind1=" " ind2="2" tag="650"><subfield code="a">Mental Disorders</subfield><subfield code="x">diagnosis</subfield><subfield code="0">(DNLM)D001523Q000175</subfield></datafield><datafield ind1=" " ind2="2" tag="650"><subfield code="a">Mental Disorders</subfield><subfield code="x">therapy</subfield><subfield code="0">(DNLM)D001523Q000628</subfield></datafield><datafield ind1=" " ind2="2" tag="650"><subfield code="a">Adolescent</subfield><subfield code="0">(DNLM)D000293</subfield></datafield><datafield ind1=" " ind2="2" tag="650"><subfield code="a">Child</subfield><subfield code="0">(DNLM)D002648</subfield></datafield><datafield ind1=" " ind2="2" tag="650"><subfield code="a">Interview, Psychological</subfield><subfield code="x">methods</subfield><subfield code="0">(DNLM)D007406Q000379</subfield></datafield><datafield ind1=" " ind2="2" tag="655"><subfield code="a">Handbook</subfield></datafield><datafield ind1=" " ind2="7" tag="655"><subfield code="a">Guides pratiques</subfield><subfield code="0">(IDREF)027790045</subfield><subfield code="2">idref</subfield></datafield><datafield ind1=" " ind2="2" tag="655"><subfield code="a">Handbook</subfield><subfield code="0">(DNLM)D020479</subfield></datafield><datafield ind1="1" ind2=" " tag="700"><subfield code="a">Nussbaum, Abraham M.</subfield><subfield code="d">1975-</subfield><subfield code="0">(DE-588)1036673081</subfield><subfield code="e">Verfasser</subfield><subfield code="4">aut</subfield><subfield code="6">880-02</subfield></datafield><datafield ind1="1" ind2=" " tag="880"><subfield code="a">Nussbaum, Abraham M.</subfield><subfield code="d">1975-</subfield><subfield code="0">(RERO)A025970701</subfield><subfield code="6">700-02</subfield></datafield><datafield ind1="2" ind2=" " tag="710"><subfield code="a">American psychiatric association</subfield><subfield code="0">(IDREF)026491206</subfield></datafield><datafield ind1="4" ind2=" " tag="856"><subfield code="3">Titelblatt und Inhaltsverzeichnis</subfield><subfield code="u">https://toc.library.ethz.ch/objects/pdf03/z01_978-1-58562-494-2_01.pdf</subfield><subfield code="q">pdf</subfield></datafield><datafield ind1=" " ind2=" " tag="900"><subfield code="a">REROnoselfmerge</subfield></datafield><datafield ind1=" " ind2=" " tag="900"><subfield code="a">IDSZ2zbzmon201607f</subfield><subfield code="c">IDSZ2stai</subfield><subfield code="d">IDSZ2zbzswk201607b</subfield><subfield code="e">IDSZ2baie</subfield></datafield><datafield ind1=" " ind2=" " tag="910"><subfield code="a">LOC</subfield><subfield code="b">20160201</subfield><subfield code="c">Droits réservés</subfield></datafield><datafield ind1=" " ind2=" " tag="911"><subfield code="a">100</subfield><subfield code="a">Hilt, Robert J</subfield><subfield code="d">1969-</subfield></datafield><datafield ind1=" " ind2=" " tag="911"><subfield code="a">700</subfield><subfield code="a">Nussbaum, Abraham M</subfield><subfield code="d">1975-</subfield></datafield><datafield ind1=" " ind2=" " tag="949"><subfield code="a">https://toc.library.ethz.ch/objects/pdf03/z01_978-1-58562-494-2_01.pdf</subfield></datafield></record>
</metadata></record>