<record><header><identifier>oai:alma.41SLSP_UGE:991000780559705502</identifier><datestamp>2023-03-01T01:10:15Z</datestamp><setSpec>uge_bcen_RapidILL_BOOK</setSpec><setSpec>uge_aaca_RapidILL_BOOK</setSpec><setSpec>uge_abels_RapidILL_BOOK</setSpec><setSpec>uge_dbu_RapidILL_BOOK</setSpec><setSpec>uge_cmu_RapidILL_BOOK</setSpec><setSpec>uge_mail_RapidILL_BOOK</setSpec><setSpec>UNIGE_ALL</setSpec><setSpec>uge_abbat_RapidILL_BOOK</setSpec><setSpec>uge_acar_RapidILL_BOOK</setSpec><setSpec>uge_aobs_RapidILL_BOOK</setSpec></header><metadata>
<record xmlns="http://www.loc.gov/MARC21/slim" xmlns:xsi="http://www.w3.org/2001/XMLSchema-instance" xsi:schemaLocation="http://www.loc.gov/MARC21/slim http://www.loc.gov/standards/marcxml/schema/MARC21slim.xsd"><leader>01894nam a2200421 c 4500</leader><controlfield tag="001">991000780559705502</controlfield><controlfield tag="005">20230116184117.0</controlfield><controlfield tag="008">201011s2000    ne ||||| |||| 10| ||eng d</controlfield><datafield ind1=" " ind2=" " tag="019"><subfield code="a">Notices analytiques !</subfield><subfield code="5">RERO/gehei-/04.2001</subfield></datafield><datafield ind1=" " ind2=" " tag="020"><subfield code="a">9041114483</subfield><subfield code="q">acidfree paper</subfield></datafield><datafield ind1=" " ind2=" " tag="035"><subfield code="a">(swissbib)222786612-41slsp_network</subfield></datafield><datafield ind1=" " ind2=" " tag="035"><subfield code="a">222786612</subfield><subfield code="9">ExL</subfield></datafield><datafield ind1=" " ind2=" " tag="035"><subfield code="a">(RERO)R003030271-41slsp</subfield></datafield><datafield ind1=" " ind2=" " tag="035"><subfield code="a">(NEBIS)004199157EBI01</subfield></datafield><datafield ind1=" " ind2=" " tag="035"><subfield code="a">(EXLNZ-41SLSP_NETWORK)991033828759705501</subfield></datafield><datafield ind1=" " ind2=" " tag="040"><subfield code="a">RERO gehei-</subfield><subfield code="d">CH-ZuSLS</subfield></datafield><datafield ind1=" " ind2="7" tag="072"><subfield code="a">dr</subfield><subfield code="2">rero</subfield></datafield><datafield ind1=" " ind2=" " tag="084"><subfield code="a">D 15 e</subfield><subfield code="2">cjurrom</subfield></datafield><datafield ind1=" " ind2=" " tag="084"><subfield code="a">D 8 e</subfield><subfield code="2">cjurrom</subfield></datafield><datafield ind1="0" ind2="0" tag="245"><subfield code="a">Multilateral treaty-making</subfield><subfield code="b">the current status of challenges to and reforms needed in the international legislative process : papers presented at the Forum Geneva held in Geneva, Switzerland, May 16, 1998</subfield><subfield code="c">ed. by Vera Gowlland-Debbas ; with the assistance of Hassiba Hadj-Sahraoui and Nobuo Hayashi ; American Society of International Law, The Graduate Institute of International Studies</subfield></datafield><datafield ind1=" " ind2="1" tag="264"><subfield code="a">The Hague [etc.]</subfield><subfield code="b">M. Nijhoff</subfield><subfield code="c">[2000]</subfield></datafield><datafield ind1=" " ind2="4" tag="264"><subfield code="c">© 2000</subfield></datafield><datafield ind1=" " ind2=" " tag="300"><subfield code="a">VI, 144 p.</subfield><subfield code="c">24 cm</subfield></datafield><datafield ind1=" " ind2=" " tag="336"><subfield code="b">txt</subfield><subfield code="2">rdacontent</subfield></datafield><datafield ind1=" " ind2=" " tag="337"><subfield code="b">n</subfield><subfield code="2">rdamedia</subfield></datafield><datafield ind1=" " ind2=" " tag="338"><subfield code="b">nc</subfield><subfield code="2">rdacarrier</subfield></datafield><datafield ind1="1" ind2=" " tag="490"><subfield code="a">Nijhoff Law Specials</subfield><subfield code="v">vol. 47</subfield></datafield><datafield ind1=" " ind2="7" tag="650"><subfield code="a">traité international - conclusion</subfield><subfield code="0">(RERO)A010159801</subfield><subfield code="2">rerovoc</subfield></datafield><datafield ind1=" " ind2="7" tag="650"><subfield code="a">Völkerrechtlicher Vertrag</subfield><subfield code="0">(DE-588)4063696-3</subfield><subfield code="2">gnd</subfield></datafield><datafield ind1=" " ind2="7" tag="655"><subfield code="a">Actes de congrès</subfield><subfield code="0">(IDREF)02886431X</subfield><subfield code="2">idref</subfield></datafield><datafield ind1=" " ind2="7" tag="655"><subfield code="a">Konferenzschrift</subfield><subfield code="2">gnd-content</subfield></datafield><datafield ind1=" " ind2="7" tag="655"><subfield code="a">Konferenzschrift</subfield><subfield code="z">Genève</subfield><subfield code="y">1998</subfield><subfield code="2">gnd-content</subfield></datafield><datafield ind1="1" ind2=" " tag="700"><subfield code="a">Gowlland-Debbas, Vera</subfield><subfield code="d">1943-....</subfield><subfield code="0">(IDREF)033509840</subfield></datafield><datafield ind1="2" ind2=" " tag="711"><subfield code="a">Forum Geneva</subfield><subfield code="0">(DE-588)1091735565</subfield></datafield><datafield ind1="2" ind2=" " tag="711"><subfield code="a">Forum Geneva</subfield><subfield code="d">1998</subfield><subfield code="0">(RERO)A006408568</subfield></datafield><datafield ind1=" " ind2=" " tag="830"><subfield code="a">Nijhoff law specials</subfield><subfield code="v">47</subfield><subfield code="w">(RERO)0634797-41slsp</subfield></datafield><datafield ind1=" " ind2=" " tag="900"><subfield code="a">REROnoselfmerge</subfield></datafield><datafield ind1=" " ind2=" " tag="900"><subfield code="a">IDSZ2rwimon200110e</subfield><subfield code="c">IDSZ2biss 011011</subfield><subfield code="d">IDSZ2rwiswk201510r</subfield><subfield code="e">IDSZ2basc</subfield></datafield><datafield ind1=" " ind2=" " tag="900"><subfield code="a">IDSZ2ivrmon200212l</subfield><subfield code="c">IDSZ2voig 021216</subfield></datafield></record>
</metadata></record>