<record><header><identifier>oai:alma.41SLSP_UGE:991000780049705502</identifier><datestamp>2024-03-09T01:35:11Z</datestamp><setSpec>uge_bcen_RapidILL_BOOK</setSpec><setSpec>uge_aaca_RapidILL_BOOK</setSpec><setSpec>uge_abels_RapidILL_BOOK</setSpec><setSpec>uge_dbu_RapidILL_BOOK</setSpec><setSpec>uge_cmu_RapidILL_BOOK</setSpec><setSpec>uge_mail_RapidILL_BOOK</setSpec><setSpec>uge_abbat_RapidILL_BOOK</setSpec><setSpec>UNIGE_ALL</setSpec><setSpec>uge_acar_RapidILL_BOOK</setSpec><setSpec>uge_aobs_RapidILL_BOOK</setSpec></header><metadata>
<record xmlns="http://www.loc.gov/MARC21/slim" xmlns:xsi="http://www.w3.org/2001/XMLSchema-instance" xsi:schemaLocation="http://www.loc.gov/MARC21/slim http://www.loc.gov/standards/marcxml/schema/MARC21slim.xsd"><leader>02094nam a2200577 c 4500</leader><controlfield tag="001">991000780049705502</controlfield><controlfield tag="005">20240308225149.0</controlfield><controlfield tag="008">201012s1984    gw ||||| |||| 00| ||ger d</controlfield><datafield ind1=" " ind2=" " tag="020"><subfield code="a">3498028626</subfield></datafield><datafield ind1=" " ind2=" " tag="035"><subfield code="a">(swissbib)234468726-41slsp_network</subfield></datafield><datafield ind1=" " ind2=" " tag="035"><subfield code="a">234468726</subfield><subfield code="9">ExL</subfield></datafield><datafield ind1=" " ind2=" " tag="035"><subfield code="a">(RERO)0747978-41slsp</subfield></datafield><datafield ind1=" " ind2=" " tag="035"><subfield code="a">(NEBIS)000311353EBI01</subfield></datafield><datafield ind1=" " ind2=" " tag="035"><subfield code="a">(IDSBB)000058166DSV01</subfield></datafield><datafield ind1=" " ind2=" " tag="035"><subfield code="a">(IDSLU)000007600ILU01</subfield></datafield><datafield ind1=" " ind2=" " tag="035"><subfield code="a">(ABN)000501613ABN01</subfield></datafield><datafield ind1=" " ind2=" " tag="035"><subfield code="a">(EXLNZ-41SLSP_NETWORK)991014986009705501</subfield></datafield><datafield ind1=" " ind2=" " tag="040"><subfield code="a">RERO geudbu</subfield><subfield code="d">CH-ZuSLS</subfield></datafield><datafield ind1=" " ind2="7" tag="072"><subfield code="a">py</subfield><subfield code="2">rero</subfield></datafield><datafield ind1=" " ind2="7" tag="072"><subfield code="a">py</subfield><subfield code="2">SzZuIDS BS/BE</subfield></datafield><datafield ind1=" " ind2="7" tag="072"><subfield code="a">29</subfield><subfield code="2">IDS LU</subfield></datafield><datafield ind1="1" ind2="4" tag="082"><subfield code="a">530</subfield><subfield code="2">15</subfield></datafield><datafield ind1=" " ind2=" " tag="084"><subfield code="a">BH 2150</subfield><subfield code="2">rvk</subfield></datafield><datafield ind1=" " ind2=" " tag="084"><subfield code="a">UB 5180</subfield><subfield code="2">rvk</subfield></datafield><datafield ind1=" " ind2=" " tag="084"><subfield code="a">UO 1000</subfield><subfield code="2">rvk</subfield></datafield><datafield ind1="1" ind2=" " tag="100"><subfield code="a">Höfling, Oskar</subfield><subfield code="0">(RERO)A003394109</subfield><subfield code="4">cre</subfield></datafield><datafield ind1="1" ind2="0" tag="245"><subfield code="a">&lt;&lt;Die&gt;&gt; Welt der kleinsten Teilchen</subfield><subfield code="b">Vorstoss zur Struktur der Materie</subfield><subfield code="c">Oskar Höfling, Pedro Waloschek</subfield></datafield><datafield ind1=" " ind2="1" tag="264"><subfield code="a">Reinbeck bei Hamburg</subfield><subfield code="b">Rowohlt</subfield><subfield code="c">1984</subfield></datafield><datafield ind1=" " ind2=" " tag="300"><subfield code="a">510 S.</subfield><subfield code="c">22 cm</subfield><subfield code="b">210 Fig.; 68 Tab.</subfield></datafield><datafield ind1=" " ind2=" " tag="336"><subfield code="b">txt</subfield><subfield code="2">rdacontent</subfield></datafield><datafield ind1=" " ind2=" " tag="337"><subfield code="b">n</subfield><subfield code="2">rdamedia</subfield></datafield><datafield ind1=" " ind2=" " tag="338"><subfield code="b">nc</subfield><subfield code="2">rdacarrier</subfield></datafield><datafield ind1=" " ind2="7" tag="650"><subfield code="a">Elementarteilchen</subfield><subfield code="0">(DE-588)4014413-6</subfield><subfield code="2">gnd</subfield></datafield><datafield ind1=" " ind2="7" tag="650"><subfield code="a">Elementarteilchenphysik</subfield><subfield code="0">(DE-588)4014414-8</subfield><subfield code="2">gnd</subfield></datafield><datafield ind1=" " ind2="7" tag="650"><subfield code="a">Kernphysik</subfield><subfield code="0">(DE-588)4030340-8</subfield><subfield code="2">gnd</subfield></datafield><datafield ind1=" " ind2="7" tag="650"><subfield code="a">Materie</subfield><subfield code="0">(DE-588)4037940-1</subfield><subfield code="2">gnd</subfield></datafield><datafield ind1=" " ind2="7" tag="650"><subfield code="a">Struktur</subfield><subfield code="0">(DE-588)4058125-1</subfield><subfield code="2">gnd</subfield></datafield><datafield ind1=" " ind2="0" tag="650"><subfield code="a">Atoms</subfield></datafield><datafield ind1=" " ind2="0" tag="650"><subfield code="a">Matter</subfield><subfield code="v">Constitution</subfield></datafield><datafield ind1=" " ind2="0" tag="650"><subfield code="a">Particles (Nuclear physics)</subfield></datafield><datafield ind1=" " ind2="7" tag="650"><subfield code="a">ELEMENTARTEILCHENPHYSIK</subfield><subfield code="9">ger</subfield><subfield code="0">(ETHUDK)000015316</subfield><subfield code="2">ethudk</subfield></datafield><datafield ind1=" " ind2="7" tag="650"><subfield code="a">Physik</subfield><subfield code="2">idsbb</subfield></datafield><datafield ind1=" " ind2="7" tag="650"><subfield code="a">Elementarteilchen</subfield><subfield code="2">idsbb</subfield></datafield><datafield ind1=" " ind2=" " tag="690"><subfield code="a">815</subfield><subfield code="d">Pure science - exakte (Natur-)Wissenschaften</subfield><subfield code="2">uzb-UI</subfield></datafield><datafield ind1=" " ind2=" " tag="690"><subfield code="a">813</subfield><subfield code="d">Scientific method - wissenschaftliche Methode</subfield><subfield code="2">uzb-UI</subfield></datafield><datafield ind1=" " ind2=" " tag="690"><subfield code="a">Elementarteilchen / 1980- ersch.</subfield><subfield code="2">uzb-Z9</subfield></datafield><datafield ind1=" " ind2=" " tag="690"><subfield code="a">539.12</subfield><subfield code="d">Elementarteilchenphysik</subfield><subfield code="2">uzb-UK</subfield></datafield><datafield ind1=" " ind2=" " tag="690"><subfield code="a">Elementarteilchenphysik. A.D.</subfield><subfield code="2">rzs-L1</subfield></datafield><datafield ind1=" " ind2=" " tag="690"><subfield code="a">Atomphysik, B: Elementarteilchenphysik</subfield><subfield code="2">rzs-L1</subfield></datafield><datafield ind1="1" ind2=" " tag="700"><subfield code="a">Waloschek, Pedro</subfield><subfield code="d">1929-2012</subfield><subfield code="0">(DE-588)120512882</subfield><subfield code="6">880-02</subfield></datafield><datafield ind1="1" ind2=" " tag="880"><subfield code="a">Waloschek, Pedro</subfield><subfield code="0">(RERO)A003956020</subfield><subfield code="6">700-02</subfield></datafield><datafield ind1=" " ind2=" " tag="900"><subfield code="a">REROnoselfmerge</subfield></datafield></record>
</metadata></record>