<record><header><identifier>oai:alma.41SLSP_UGE:991000779939705502</identifier><datestamp>2023-03-27T00:18:45Z</datestamp><setSpec>uge_bcen_RapidILL_BOOK</setSpec><setSpec>uge_aaca_RapidILL_BOOK</setSpec><setSpec>uge_abels_RapidILL_BOOK</setSpec><setSpec>uge_dbu_RapidILL_BOOK</setSpec><setSpec>uge_cmu_RapidILL_BOOK</setSpec><setSpec>uge_mail_RapidILL_BOOK</setSpec><setSpec>uge_abbat_RapidILL_BOOK</setSpec><setSpec>UNIGE_ALL</setSpec><setSpec>uge_acar_RapidILL_BOOK</setSpec><setSpec>uge_aobs_RapidILL_BOOK</setSpec></header><metadata>
<record xmlns="http://www.loc.gov/MARC21/slim" xmlns:xsi="http://www.w3.org/2001/XMLSchema-instance" xsi:schemaLocation="http://www.loc.gov/MARC21/slim http://www.loc.gov/standards/marcxml/schema/MARC21slim.xsd"><leader>01999nam a2200577 c 4500</leader><controlfield tag="001">991000779939705502</controlfield><controlfield tag="005">20230326204144.0</controlfield><controlfield tag="008">201012s1980    xxu||||| |||| 00| ||eng d</controlfield><datafield ind1=" " ind2=" " tag="020"><subfield code="a">0691093857</subfield></datafield><datafield ind1=" " ind2=" " tag="020"><subfield code="a">0691100888</subfield><subfield code="q">pbk.</subfield></datafield><datafield ind1=" " ind2=" " tag="035"><subfield code="a">(swissbib)242289754-41slsp_network</subfield></datafield><datafield ind1=" " ind2=" " tag="035"><subfield code="a">242289754</subfield><subfield code="9">ExL</subfield></datafield><datafield ind1=" " ind2=" " tag="035"><subfield code="a">(RERO)1976277-41slsp</subfield></datafield><datafield ind1=" " ind2=" " tag="035"><subfield code="a">(IDSBB)004599069DSV01</subfield></datafield><datafield ind1=" " ind2=" " tag="035"><subfield code="a">(NEBIS)002910513EBI01</subfield></datafield><datafield ind1=" " ind2=" " tag="035"><subfield code="a">(EXLNZ-41SLSP_NETWORK)991035264909705501</subfield></datafield><datafield ind1=" " ind2=" " tag="040"><subfield code="a">RERO geulcj</subfield><subfield code="d">CH-ZuSLS</subfield></datafield><datafield ind1=" " ind2="7" tag="072"><subfield code="a">ss</subfield><subfield code="2">rero</subfield></datafield><datafield ind1="0" ind2="0" tag="082"><subfield code="a">370/.952</subfield></datafield><datafield ind1="1" ind2=" " tag="100"><subfield code="a">Cummings, William K.</subfield><subfield code="d">1943-</subfield><subfield code="0">(DE-588)17003772X</subfield><subfield code="6">880-01</subfield></datafield><datafield ind1="1" ind2=" " tag="880"><subfield code="6">100-01</subfield><subfield code="a">Cummings, William K.</subfield><subfield code="d">1943-....</subfield><subfield code="0">(IDREF)075739097</subfield><subfield code="4">cre</subfield></datafield><datafield ind1="1" ind2="0" tag="245"><subfield code="a">Education and equality in Japan</subfield><subfield code="c">William K. Cummings</subfield></datafield><datafield ind1=" " ind2="1" tag="264"><subfield code="a">Princeton N.J.</subfield><subfield code="b">Princeton University Press</subfield><subfield code="c">[1980]</subfield></datafield><datafield ind1=" " ind2="4" tag="264"><subfield code="c">© 1980</subfield></datafield><datafield ind1=" " ind2=" " tag="300"><subfield code="a">XVI, 305 p.</subfield><subfield code="b">ill.</subfield><subfield code="c">24 cm</subfield></datafield><datafield ind1=" " ind2=" " tag="336"><subfield code="b">txt</subfield><subfield code="2">rdacontent</subfield></datafield><datafield ind1=" " ind2=" " tag="337"><subfield code="b">n</subfield><subfield code="2">rdamedia</subfield></datafield><datafield ind1=" " ind2=" " tag="338"><subfield code="b">nc</subfield><subfield code="2">rdacarrier</subfield></datafield><datafield ind1=" " ind2="4" tag="648"><subfield code="a">Geschichte 1945-1975</subfield></datafield><datafield ind1=" " ind2="7" tag="648"><subfield code="a">Geschichte 1945-1975</subfield><subfield code="2">gnd</subfield></datafield><datafield ind1=" " ind2="7" tag="650"><subfield code="a">Éducation</subfield><subfield code="0">(IDREF)027555100</subfield><subfield code="2">idref</subfield></datafield><datafield ind1=" " ind2="7" tag="650"><subfield code="a">1945-1975</subfield><subfield code="0">(IDREF)11393260X</subfield><subfield code="2">idref</subfield></datafield><datafield ind1=" " ind2="7" tag="650"><subfield code="a">Égalité</subfield><subfield code="0">(IDREF)027495310</subfield><subfield code="2">idref</subfield></datafield><datafield ind1=" " ind2="4" tag="650"><subfield code="a">Bildung</subfield></datafield><datafield ind1=" " ind2="4" tag="650"><subfield code="a">Bildungsreform</subfield></datafield><datafield ind1=" " ind2="4" tag="650"><subfield code="a">Bildungswesen</subfield></datafield><datafield ind1=" " ind2="4" tag="650"><subfield code="a">Chancengleichheit</subfield></datafield><datafield ind1=" " ind2="7" tag="650"><subfield code="a">Bildung</subfield><subfield code="0">(DE-588)4006650-2</subfield><subfield code="2">gnd</subfield></datafield><datafield ind1=" " ind2="7" tag="650"><subfield code="a">Bildungsreform</subfield><subfield code="0">(DE-588)4006672-1</subfield><subfield code="2">gnd</subfield></datafield><datafield ind1=" " ind2="7" tag="650"><subfield code="a">Bildungswesen</subfield><subfield code="0">(DE-588)4006681-2</subfield><subfield code="2">gnd</subfield></datafield><datafield ind1=" " ind2="7" tag="650"><subfield code="a">Chancengleichheit</subfield><subfield code="0">(DE-588)4009736-5</subfield><subfield code="2">gnd</subfield></datafield><datafield ind1=" " ind2="0" tag="650"><subfield code="a">Educational equalization</subfield><subfield code="z">Japan</subfield></datafield><datafield ind1=" " ind2="0" tag="650"><subfield code="a">Educational equalization</subfield><subfield code="z">Japan</subfield><subfield code="x">History</subfield><subfield code="y">20th century</subfield></datafield><datafield ind1=" " ind2="0" tag="650"><subfield code="a">Education</subfield><subfield code="z">Japan</subfield></datafield><datafield ind1=" " ind2="0" tag="650"><subfield code="a">Education</subfield><subfield code="z">Japan</subfield><subfield code="x">History</subfield><subfield code="y">1945-</subfield></datafield><datafield ind1=" " ind2="7" tag="651"><subfield code="a">Japon</subfield><subfield code="0">(IDREF)027262162</subfield><subfield code="2">idref</subfield></datafield><datafield ind1=" " ind2="4" tag="651"><subfield code="a">Japan</subfield></datafield><datafield ind1=" " ind2="7" tag="651"><subfield code="a">Japan</subfield><subfield code="0">(DE-588)4028495-5</subfield><subfield code="2">gnd</subfield></datafield><datafield ind1=" " ind2=" " tag="690"><subfield code="a">Pädagogik / Einzelne Gebiete und Orte / Asien / Ostasien / Japan</subfield><subfield code="2">uzb-Z9</subfield></datafield><datafield ind1=" " ind2=" " tag="900"><subfield code="a">REROnoselfmerge</subfield></datafield><datafield ind1=" " ind2=" " tag="900"><subfield code="a">IDSZRMedeaZBZ</subfield></datafield><datafield ind1=" " ind2=" " tag="900"><subfield code="f">IDSU2medea</subfield></datafield></record>
</metadata></record>