<record><header><identifier>oai:alma.41SLSP_UGE:991000780339705502</identifier><datestamp>2024-03-22T01:22:26Z</datestamp><setSpec>uge_bcen_RapidILL_BOOK</setSpec><setSpec>uge_aaca_RapidILL_BOOK</setSpec><setSpec>uge_abels_RapidILL_BOOK</setSpec><setSpec>uge_dbu_RapidILL_BOOK</setSpec><setSpec>uge_cmu_RapidILL_BOOK</setSpec><setSpec>uge_mail_RapidILL_BOOK</setSpec><setSpec>uge_abbat_RapidILL_BOOK</setSpec><setSpec>UNIGE_ALL</setSpec><setSpec>uge_aobs_RapidILL_BOOK</setSpec><setSpec>uge_acar_RapidILL_BOOK</setSpec></header><metadata>
<record xmlns="http://www.loc.gov/MARC21/slim" xmlns:xsi="http://www.w3.org/2001/XMLSchema-instance" xsi:schemaLocation="http://www.loc.gov/MARC21/slim http://www.loc.gov/standards/marcxml/schema/MARC21slim.xsd"><leader>01429nam a2200337 c 4500</leader><controlfield tag="001">991000780339705502</controlfield><controlfield tag="005">20240321225252.0</controlfield><controlfield tag="008">151109s1685    fr ||||| |||| 00| ||fre d</controlfield><datafield ind1=" " ind2=" " tag="035"><subfield code="a">(swissbib)122288149-41slsp_network</subfield></datafield><datafield ind1=" " ind2=" " tag="035"><subfield code="a">122288149</subfield><subfield code="9">ExL</subfield></datafield><datafield ind1=" " ind2=" " tag="035"><subfield code="a">(RERO)R008297991-41slsp</subfield></datafield><datafield ind1=" " ind2=" " tag="035"><subfield code="a">(EXLNZ-41SLSP_NETWORK)991024007019705501</subfield></datafield><datafield ind1=" " ind2=" " tag="040"><subfield code="a">RERO geuchr</subfield><subfield code="d">CH-ZuSLS</subfield></datafield><datafield ind1=" " ind2="7" tag="072"><subfield code="a">ht</subfield><subfield code="2">rero</subfield></datafield><datafield ind1="0" ind2="0" tag="245"><subfield code="a">Arrest du Conseil d'Estat du Roy, pour le payement des gages des ministres establis en plusieurs lieux, pour baptiser les enfans de ceux de la Religion prétenduë réformée</subfield><subfield code="b">du 30 avril 1685</subfield></datafield><datafield ind1=" " ind2="1" tag="264"><subfield code="a">[Bordeaux]</subfield><subfield code="b">[veuve de G. de La Court, et N. de La Court]</subfield><subfield code="c">[1685]</subfield></datafield><datafield ind1=" " ind2=" " tag="300"><subfield code="a">4 p.</subfield><subfield code="c">4°</subfield></datafield><datafield ind1=" " ind2=" " tag="336"><subfield code="b">txt</subfield><subfield code="2">rdacontent</subfield></datafield><datafield ind1=" " ind2=" " tag="337"><subfield code="b">n</subfield><subfield code="2">rdamedia</subfield></datafield><datafield ind1=" " ind2=" " tag="338"><subfield code="b">nc</subfield><subfield code="2">rdacarrier</subfield></datafield><datafield ind1=" " ind2="7" tag="650"><subfield code="a">Protestants</subfield><subfield code="0">(IDREF)02726730X</subfield><subfield code="2">idref</subfield></datafield><datafield ind1=" " ind2="7" tag="650"><subfield code="a">Discrimination religieuse</subfield><subfield code="0">(IDREF)183460928</subfield><subfield code="2">idref</subfield></datafield><datafield ind1=" " ind2="7" tag="650"><subfield code="a">Baptême des enfants</subfield><subfield code="0">(IDREF)027403726</subfield><subfield code="2">idref</subfield></datafield><datafield ind1=" " ind2="7" tag="650"><subfield code="a">Pasteurs (religion)</subfield><subfield code="0">(IDREF)027496457</subfield><subfield code="2">idref</subfield></datafield><datafield ind1=" " ind2="7" tag="651"><subfield code="a">France</subfield><subfield code="0">(IDREF)027226794</subfield><subfield code="2">idref</subfield></datafield><datafield ind1=" " ind2="7" tag="655"><subfield code="a">Ouvrages avant 1800</subfield><subfield code="0">(IDREF)027797376</subfield><subfield code="2">idref</subfield></datafield><datafield ind1="1" ind2=" " tag="700"><subfield code="a">La Court, Veuve de Guillaume</subfield><subfield code="d">16..-1705?</subfield><subfield code="0">(IDREF)103166815</subfield><subfield code="4">prt</subfield></datafield><datafield ind1="1" ind2=" " tag="700"><subfield code="a">La Court, Nicolas de</subfield><subfield code="d">1656-1733</subfield><subfield code="0">(IDREF)103166866</subfield><subfield code="4">prt</subfield></datafield><datafield ind1="1" ind2="2" tag="710"><subfield code="a">France</subfield><subfield code="t">Lois et arrêtés</subfield><subfield code="d">1685</subfield></datafield><datafield ind1="1" ind2="2" tag="710"><subfield code="a">France</subfield><subfield code="b">Conseil d'Etat</subfield><subfield code="t">Arrêt</subfield><subfield code="d">1685</subfield></datafield><datafield ind1=" " ind2=" " tag="751"><subfield code="a">Bordeaux (Gironde)</subfield><subfield code="4">pup</subfield><subfield code="0">(IDREF)027812723</subfield></datafield><datafield ind1=" " ind2=" " tag="900"><subfield code="a">REROswissbibnomerge</subfield></datafield></record>
</metadata></record>