<record><header><identifier>oai:alma.41SLSP_UGE:991000780649705502</identifier><datestamp>2023-03-01T01:10:15Z</datestamp><setSpec>uge_bcen_RapidILL_BOOK</setSpec><setSpec>uge_aaca_RapidILL_BOOK</setSpec><setSpec>uge_abels_RapidILL_BOOK</setSpec><setSpec>uge_dbu_RapidILL_BOOK</setSpec><setSpec>uge_cmu_RapidILL_BOOK</setSpec><setSpec>uge_mail_RapidILL_BOOK</setSpec><setSpec>UNIGE_ALL</setSpec><setSpec>uge_abbat_RapidILL_BOOK</setSpec><setSpec>uge_aobs_RapidILL_BOOK</setSpec><setSpec>uge_acar_RapidILL_BOOK</setSpec></header><metadata>
<record xmlns="http://www.loc.gov/MARC21/slim" xmlns:xsi="http://www.w3.org/2001/XMLSchema-instance" xsi:schemaLocation="http://www.loc.gov/MARC21/slim http://www.loc.gov/standards/marcxml/schema/MARC21slim.xsd"><leader>02434nam a2200469 c 4500</leader><controlfield tag="001">991000780649705502</controlfield><controlfield tag="005">20201230224439.0</controlfield><controlfield tag="008">201011s1986    xxu||||| |||| 10| ||eng d</controlfield><datafield ind1=" " ind2=" " tag="020"><subfield code="a">082185058X</subfield></datafield><datafield ind1=" " ind2=" " tag="035"><subfield code="a">(swissbib)229200362-41slsp_network</subfield></datafield><datafield ind1=" " ind2=" " tag="035"><subfield code="a">229200362</subfield><subfield code="9">ExL</subfield></datafield><datafield ind1=" " ind2=" " tag="035"><subfield code="a">(RERO)0756905-41slsp</subfield></datafield><datafield ind1=" " ind2=" " tag="035"><subfield code="a">(NEBIS)000389881EBI01</subfield></datafield><datafield ind1=" " ind2=" " tag="035"><subfield code="a">(EXLNZ-41SLSP_NETWORK)991124632559705501</subfield></datafield><datafield ind1=" " ind2=" " tag="040"><subfield code="a">RERO geussm</subfield><subfield code="d">CH-ZuSLS</subfield></datafield><datafield ind1=" " ind2="7" tag="072"><subfield code="a">ma</subfield><subfield code="2">rero</subfield></datafield><datafield ind1=" " ind2=" " tag="084"><subfield code="a">10</subfield><subfield code="2">msc</subfield></datafield><datafield ind1=" " ind2=" " tag="084"><subfield code="a">22</subfield><subfield code="2">msc</subfield></datafield><datafield ind1=" " ind2=" " tag="084"><subfield code="a">30</subfield><subfield code="2">msc</subfield></datafield><datafield ind1="0" ind2="0" tag="245"><subfield code="a">&lt;&lt;The&gt;&gt; Selberg trace formula and related topics</subfield><subfield code="b">proceedings of the AMS-IMS-SIAM Joint Summer Research Conference [in the Mathematical Sciences on The Selberg trace formula and related topics ... held at Bowdoin College, Brunswick, Maine on] July 22-28, 1984</subfield><subfield code="c">Dennis A. Hejhal ... [et al.], ed</subfield></datafield><datafield ind1=" " ind2="1" tag="264"><subfield code="a">Providence, R.I.</subfield><subfield code="b">American Mathematical Society</subfield><subfield code="c">1986</subfield></datafield><datafield ind1=" " ind2=" " tag="300"><subfield code="a">IX, 554 p.</subfield><subfield code="c">25 cm</subfield></datafield><datafield ind1=" " ind2=" " tag="336"><subfield code="b">txt</subfield><subfield code="2">rdacontent</subfield></datafield><datafield ind1=" " ind2=" " tag="337"><subfield code="b">n</subfield><subfield code="2">rdamedia</subfield></datafield><datafield ind1=" " ind2=" " tag="338"><subfield code="b">nc</subfield><subfield code="2">rdacarrier</subfield></datafield><datafield ind1="1" ind2=" " tag="490"><subfield code="a">Contemporary mathematics</subfield><subfield code="v">vol. 53</subfield></datafield><datafield ind1=" " ind2=" " tag="500"><subfield code="a">Congrès de mathématiques. Brunswick, Me. 1984</subfield></datafield><datafield ind1=" " ind2="7" tag="650"><subfield code="a">DIRICHLETREIHEN (ZAHLENTHEORIE)</subfield><subfield code="9">ger</subfield><subfield code="0">(ETHUDK)000012547</subfield><subfield code="2">ethudk</subfield></datafield><datafield ind1=" " ind2="7" tag="650"><subfield code="a">SELBERGSCHE SPURFORMEL (ANALYTISCHE RÄUME)</subfield><subfield code="9">ger</subfield><subfield code="0">(ETHUDK)000013151</subfield><subfield code="2">ethudk</subfield></datafield><datafield ind1=" " ind2="7" tag="650"><subfield code="a">ZETAFUNKTIONEN (ZAHLENTHEORIE)</subfield><subfield code="9">ger</subfield><subfield code="0">(ETHUDK)000012546</subfield><subfield code="2">ethudk</subfield></datafield><datafield ind1=" " ind2="7" tag="655"><subfield code="a">Konferenzschrift</subfield><subfield code="z">Brunswick (ME)</subfield><subfield code="y">1984</subfield><subfield code="2">gnd-content</subfield></datafield><datafield ind1="1" ind2=" " tag="700"><subfield code="a">Hejhal, Dennis A.</subfield><subfield code="d">1948-....</subfield><subfield code="0">(IDREF)083750312</subfield></datafield><datafield ind1="2" ind2=" " tag="710"><subfield code="a">New York University</subfield><subfield code="b">Institute of Mathematical Sciences</subfield><subfield code="0">(DE-588)1032957-2</subfield></datafield><datafield ind1="2" ind2=" " tag="710"><subfield code="a">Society for Industrial and Applied Mathematics</subfield><subfield code="0">(DE-588)5862-2</subfield></datafield><datafield ind1="2" ind2=" " tag="710"><subfield code="a">Institut de statistiques mathématiques</subfield><subfield code="0">(IDREF)031623190</subfield></datafield><datafield ind1="2" ind2=" " tag="710"><subfield code="a">Society for industrial and applied mathematics</subfield><subfield code="g">Etats-Unis</subfield><subfield code="0">(IDREF)032097816</subfield></datafield><datafield ind1="2" ind2=" " tag="710"><subfield code="6">880-05</subfield><subfield code="a">American mathematical society</subfield><subfield code="0">(IDREF)03160997X</subfield></datafield><datafield ind1="2" ind2=" " tag="880"><subfield code="a">American Mathematical Society</subfield><subfield code="0">(DE-588)6924-3</subfield><subfield code="6">710-05</subfield></datafield><datafield ind1="2" ind2=" " tag="711"><subfield code="a">AMS-IMS-SIAM Joint Summer Research Conference in the Mathematical Sciences</subfield><subfield code="0">(DE-588)1091900531</subfield></datafield><datafield ind1="2" ind2=" " tag="711"><subfield code="a">AMS-IMS-SIAM joint summer research conference in the mathematical sciences on the Selberg trace formula and related topics</subfield><subfield code="d">1984</subfield><subfield code="c">Brunswick, Me.</subfield><subfield code="0">(IDREF)227216237</subfield></datafield><datafield ind1=" " ind2=" " tag="830"><subfield code="a">Contemporary mathematics</subfield><subfield code="v">53</subfield><subfield code="w">(NEBIS)000016372EBI01</subfield></datafield><datafield ind1=" " ind2=" " tag="830"><subfield code="a">Contemporary mathematics</subfield><subfield code="p">American Mathematical Society</subfield><subfield code="v">53</subfield><subfield code="w">(RERO)0588732-41slsp</subfield></datafield><datafield ind1=" " ind2=" " tag="900"><subfield code="a">REROnoselfmerge</subfield></datafield></record>
</metadata></record>