<record><header><identifier>oai:alma.41SLSP_UGE:991000780869705502</identifier><datestamp>2023-03-17T01:52:36Z</datestamp><setSpec>uge_bcen_RapidILL_BOOK</setSpec><setSpec>uge_aaca_RapidILL_BOOK</setSpec><setSpec>uge_abels_RapidILL_BOOK</setSpec><setSpec>uge_dbu_RapidILL_BOOK</setSpec><setSpec>uge_cmu_RapidILL_BOOK</setSpec><setSpec>uge_mail_RapidILL_BOOK</setSpec><setSpec>uge_abbat_RapidILL_BOOK</setSpec><setSpec>UNIGE_ALL</setSpec><setSpec>uge_acar_RapidILL_BOOK</setSpec><setSpec>uge_aobs_RapidILL_BOOK</setSpec></header><metadata>
<record xmlns="http://www.loc.gov/MARC21/slim" xmlns:xsi="http://www.w3.org/2001/XMLSchema-instance" xsi:schemaLocation="http://www.loc.gov/MARC21/slim http://www.loc.gov/standards/marcxml/schema/MARC21slim.xsd"><leader>01356nam a2200325 c 4500</leader><controlfield tag="001">991000780869705502</controlfield><controlfield tag="005">20230316200508.0</controlfield><controlfield tag="008">960521s1995    sp ||||| |||| 00| ||spa d</controlfield><datafield ind1=" " ind2=" " tag="020"><subfield code="a">8476584709</subfield></datafield><datafield ind1=" " ind2=" " tag="035"><subfield code="a">(swissbib)091305047-41slsp_network</subfield></datafield><datafield ind1=" " ind2=" " tag="035"><subfield code="a">091305047</subfield><subfield code="9">ExL</subfield></datafield><datafield ind1=" " ind2=" " tag="035"><subfield code="a">(RERO)2203938-41slsp</subfield></datafield><datafield ind1=" " ind2=" " tag="035"><subfield code="a">(EXLNZ-41SLSP_NETWORK)991097054289705501</subfield></datafield><datafield ind1=" " ind2=" " tag="040"><subfield code="a">RERO frbcuc</subfield><subfield code="d">CH-ZuSLS</subfield></datafield><datafield ind1=" " ind2="7" tag="072"><subfield code="a">es</subfield><subfield code="2">rero</subfield></datafield><datafield ind1="0" ind2="0" tag="245"><subfield code="a">Hacia una literatura del pueblo: del folletín a la novela</subfield><subfield code="b">(el ejemplo de Timoteo Orbe)</subfield><subfield code="c">Brigitte Magnien (ed.) ; por el ERECEC, equipo de investigación de la Universidad de París VIII, Pilar Bellido... [et al.]</subfield></datafield><datafield ind1=" " ind2="1" tag="264"><subfield code="a">Barcelona</subfield><subfield code="b">Anthropos</subfield><subfield code="c">1995</subfield></datafield><datafield ind1=" " ind2=" " tag="300"><subfield code="a">238 p.</subfield><subfield code="c">20 cm</subfield></datafield><datafield ind1=" " ind2=" " tag="336"><subfield code="b">txt</subfield><subfield code="2">rdacontent</subfield></datafield><datafield ind1=" " ind2=" " tag="337"><subfield code="b">n</subfield><subfield code="2">rdamedia</subfield></datafield><datafield ind1=" " ind2=" " tag="338"><subfield code="b">nc</subfield><subfield code="2">rdacarrier</subfield></datafield><datafield ind1="1" ind2=" " tag="490"><subfield code="a">Autores, textos y temas. Literatura</subfield><subfield code="v">21</subfield></datafield><datafield ind1=" " ind2="7" tag="650"><subfield code="a">Roman-feuilleton espagnol</subfield><subfield code="0">(IDREF)028509048</subfield><subfield code="2">idref</subfield></datafield><datafield ind1=" " ind2="7" tag="650"><subfield code="a">19e siècle</subfield><subfield code="0">(IDREF)027794059</subfield><subfield code="2">idref</subfield></datafield><datafield ind1=" " ind2="7" tag="650"><subfield code="a">Roman espagnol</subfield><subfield code="0">(IDREF)027242870</subfield><subfield code="2">idref</subfield></datafield><datafield ind1=" " ind2="7" tag="655"><subfield code="a">[Études diverses]</subfield><subfield code="0">(RERO)A022249905</subfield><subfield code="2">rero</subfield></datafield><datafield ind1="1" ind2=" " tag="700"><subfield code="a">Magnien, Brigitte</subfield><subfield code="0">(IDREF)029728940</subfield></datafield><datafield ind1="1" ind2=" " tag="700"><subfield code="a">Bellido, Pilar</subfield><subfield code="0">(RERO)A002987626</subfield></datafield><datafield ind1="2" ind2=" " tag="710"><subfield code="a">Equipe de recherche sur les cultures de l'Espagne contemporaine</subfield><subfield code="g">Paris</subfield><subfield code="0">(IDREF)035114991</subfield></datafield><datafield ind1=" " ind2=" " tag="830"><subfield code="a">Autores, textos y temas</subfield><subfield code="p">Literatura</subfield><subfield code="v">21</subfield><subfield code="w">(RERO)0823864-41slsp</subfield></datafield><datafield ind1=" " ind2=" " tag="900"><subfield code="a">REROnoselfmerge</subfield></datafield><datafield ind1=" " ind2=" " tag="993"><subfield code="a">BFLA 263290</subfield><subfield code="x">ge/ules/a/15/71-3</subfield><subfield code="9">LOCAL</subfield></datafield></record>
</metadata></record>