<record><header><identifier>oai:alma.41SLSP_UGE:991000780139705502</identifier><datestamp>2023-03-01T01:10:15Z</datestamp><setSpec>uge_bcen_RapidILL_BOOK</setSpec><setSpec>uge_aaca_RapidILL_BOOK</setSpec><setSpec>uge_abels_RapidILL_BOOK</setSpec><setSpec>uge_dbu_RapidILL_BOOK</setSpec><setSpec>uge_cmu_RapidILL_BOOK</setSpec><setSpec>uge_mail_RapidILL_BOOK</setSpec><setSpec>UNIGE_ALL</setSpec><setSpec>uge_abbat_RapidILL_BOOK</setSpec><setSpec>uge_aobs_RapidILL_BOOK</setSpec><setSpec>uge_acar_RapidILL_BOOK</setSpec></header><metadata>
<record xmlns="http://www.loc.gov/MARC21/slim" xmlns:xsi="http://www.w3.org/2001/XMLSchema-instance" xsi:schemaLocation="http://www.loc.gov/MARC21/slim http://www.loc.gov/standards/marcxml/schema/MARC21slim.xsd"><leader>01312nam a2200325 c 4500</leader><controlfield tag="001">991000780139705502</controlfield><controlfield tag="005">20210207113229.0</controlfield><controlfield tag="008">161026s2014    gw ||||| |||| 00| ||ger d</controlfield><datafield ind1=" " ind2=" " tag="020"><subfield code="a">9783447101707</subfield><subfield code="c">Festeinband : ca. EUR 98.00 (DE), ca. EUR 100.80 (AT), ca. sfr 129.00 (freier Pr.)</subfield></datafield><datafield ind1=" " ind2=" " tag="035"><subfield code="a">(swissbib)123337399-41slsp_network</subfield></datafield><datafield ind1=" " ind2=" " tag="035"><subfield code="a">123337399</subfield><subfield code="9">ExL</subfield></datafield><datafield ind1=" " ind2=" " tag="035"><subfield code="a">(RERO)R008538049-41slsp</subfield></datafield><datafield ind1=" " ind2=" " tag="035"><subfield code="a">(EXLNZ-41SLSP_NETWORK)991018403949705501</subfield></datafield><datafield ind1=" " ind2=" " tag="040"><subfield code="a">1245</subfield><subfield code="b">ger</subfield><subfield code="d">CH-ZuSLS</subfield></datafield><datafield ind1=" " ind2="7" tag="072"><subfield code="a">ar</subfield><subfield code="2">rero</subfield></datafield><datafield ind1="0" ind2="0" tag="245"><subfield code="a">Merimde-Benisalâme</subfield><subfield code="c">von Fathi Afifi Badawi, Josefine Kuckertz, Friedrich W. Rösing, Sabine Bergander und Stefan Klug. 4, Die Bestattungen</subfield></datafield><datafield ind1=" " ind2="1" tag="264"><subfield code="a">Wiesbaden</subfield><subfield code="b">Harrassowitz</subfield><subfield code="c">2016</subfield></datafield><datafield ind1=" " ind2=" " tag="300"><subfield code="a">141 p.</subfield></datafield><datafield ind1=" " ind2=" " tag="336"><subfield code="b">txt</subfield><subfield code="2">rdacontent</subfield></datafield><datafield ind1=" " ind2=" " tag="337"><subfield code="b">n</subfield><subfield code="2">rdamedia</subfield></datafield><datafield ind1=" " ind2=" " tag="338"><subfield code="b">nc</subfield><subfield code="2">rdacarrier</subfield></datafield><datafield ind1="1" ind2=" " tag="490"><subfield code="a">Archäologische Veröffentlichungen des Deutschen Archäologischen Instituts</subfield><subfield code="v">60</subfield></datafield><datafield ind1="1" ind2=" " tag="700"><subfield code="a">Afifi Badawi, Fathi</subfield><subfield code="0">(IDREF)195541383</subfield></datafield><datafield ind1="1" ind2=" " tag="700"><subfield code="a">Bergander, Sabine</subfield><subfield code="0">(RERO)A026672800</subfield></datafield><datafield ind1="1" ind2=" " tag="700"><subfield code="a">Klug, Stefan</subfield><subfield code="0">(RERO)A003460676</subfield></datafield><datafield ind1="1" ind2=" " tag="700"><subfield code="a">Kuckertz, Josefine</subfield><subfield code="d">1955-....</subfield><subfield code="0">(IDREF)085920932</subfield></datafield><datafield ind1="1" ind2=" " tag="700"><subfield code="a">Rösing, Friedrich Wilhelm</subfield><subfield code="d">19..-....</subfield><subfield code="0">(IDREF)050205625</subfield></datafield><datafield ind1="1" ind2=" " tag="800"><subfield code="a">Eiwanger, Josef</subfield><subfield code="t">Merimde-Benisalâme</subfield><subfield code="v">1</subfield></datafield><datafield ind1=" " ind2="0" tag="830"><subfield code="a">Archäologische Veröffentlichungen</subfield><subfield code="v">60</subfield><subfield code="w">(RERO)0576140-41slsp</subfield></datafield><datafield ind1=" " ind2=" " tag="900"><subfield code="a">REROnoselfmerge</subfield></datafield><datafield ind1=" " ind2=" " tag="910"><subfield code="a">DNB</subfield><subfield code="b">20161026</subfield></datafield></record>
</metadata></record>