<record><header><identifier>oai:alma.41SLSP_UGE:991000810569705502</identifier><datestamp>2024-06-21T00:09:20Z</datestamp><setSpec>uge_bcen_RapidILL_BOOK</setSpec><setSpec>uge_aaca_RapidILL_BOOK</setSpec><setSpec>uge_abels_RapidILL_BOOK</setSpec><setSpec>uge_dbu_RapidILL_BOOK</setSpec><setSpec>uge_cmu_RapidILL_BOOK</setSpec><setSpec>uge_mail_RapidILL_BOOK</setSpec><setSpec>uge_abbat_RapidILL_BOOK</setSpec><setSpec>UNIGE_ALL</setSpec><setSpec>uge_acar_RapidILL_BOOK</setSpec><setSpec>uge_aobs_RapidILL_BOOK</setSpec></header><metadata>
<record xmlns="http://www.loc.gov/MARC21/slim" xmlns:xsi="http://www.w3.org/2001/XMLSchema-instance" xsi:schemaLocation="http://www.loc.gov/MARC21/slim http://www.loc.gov/standards/marcxml/schema/MARC21slim.xsd"><leader>03712nam a2200685 c 4500</leader><controlfield tag="001">991000810569705502</controlfield><controlfield tag="005">20230516183256.0</controlfield><controlfield tag="008">201011s2012    au ||||| |||| 00| ||ger d</controlfield><datafield ind1=" " ind2=" " tag="020"><subfield code="a">3700169493</subfield></datafield><datafield ind1=" " ind2=" " tag="020"><subfield code="a">9783700169499</subfield></datafield><datafield ind1=" " ind2=" " tag="035"><subfield code="a">(swissbib)218796919-41slsp_network</subfield></datafield><datafield ind1=" " ind2=" " tag="035"><subfield code="a">218796919</subfield><subfield code="9">ExL</subfield></datafield><datafield ind1=" " ind2=" " tag="035"><subfield code="a">(RERO)R008005662-41slsp</subfield></datafield><datafield ind1=" " ind2=" " tag="035"><subfield code="a">(IDSBB)006100894DSV01</subfield></datafield><datafield ind1=" " ind2=" " tag="035"><subfield code="a">(OCoLC)820425174</subfield></datafield><datafield ind1=" " ind2=" " tag="035"><subfield code="a">(EXLNZ-41SLSP_NETWORK)991067928669705501</subfield></datafield><datafield ind1=" " ind2=" " tag="040"><subfield code="a">ERASA</subfield><subfield code="d">CH-ZuSLS</subfield></datafield><datafield ind1="0" ind2=" " tag="041"><subfield code="a">eng</subfield><subfield code="a">ger</subfield></datafield><datafield ind1=" " ind2="4" tag="050"><subfield code="a">DF261.A18</subfield><subfield code="b">K54 2012</subfield></datafield><datafield ind1=" " ind2="7" tag="072"><subfield code="a">ar</subfield><subfield code="2">rero</subfield></datafield><datafield ind1=" " ind2="7" tag="072"><subfield code="a">ar</subfield><subfield code="2">SzZuIDS BS/BE</subfield></datafield><datafield ind1="0" ind2="4" tag="082"><subfield code="a">307.09</subfield><subfield code="2">22/ger</subfield></datafield><datafield ind1="0" ind2="4" tag="082"><subfield code="a">938</subfield></datafield><datafield ind1="1" ind2="4" tag="082"><subfield code="a">930</subfield><subfield code="2">15</subfield></datafield><datafield ind1=" " ind2=" " tag="084"><subfield code="a">6,11</subfield><subfield code="2">ssgn</subfield></datafield><datafield ind1=" " ind2=" " tag="084"><subfield code="a">LF 1540</subfield><subfield code="2">rvk</subfield></datafield><datafield ind1="1" ind2=" " tag="100"><subfield code="a">Klebinder-Gauß, Gudrun</subfield><subfield code="0">(IDREF)118624369</subfield><subfield code="4">cre</subfield></datafield><datafield ind1="1" ind2="0" tag="245"><subfield code="a">Keramik aus klassischen Kontexten im Apollon-Heiligtum von Ägina-Kolonna</subfield><subfield code="b">lokale Produktion und Importe</subfield><subfield code="c">Gudrun Klebinder-Gauss ; with contributions by Areti Pentedeka... [et al.]</subfield></datafield><datafield ind1=" " ind2="1" tag="264"><subfield code="a">Wien</subfield><subfield code="b">Verlag der ÖAW</subfield><subfield code="c">2012</subfield></datafield><datafield ind1=" " ind2=" " tag="300"><subfield code="a">446 p.</subfield><subfield code="b">ill.</subfield><subfield code="c">31 cm.</subfield></datafield><datafield ind1=" " ind2=" " tag="336"><subfield code="b">txt</subfield><subfield code="2">rdacontent</subfield></datafield><datafield ind1=" " ind2=" " tag="337"><subfield code="b">n</subfield><subfield code="2">rdamedia</subfield></datafield><datafield ind1=" " ind2=" " tag="338"><subfield code="b">nc</subfield><subfield code="2">rdacarrier</subfield></datafield><datafield ind1="1" ind2=" " tag="490"><subfield code="a">Ägina-Kolonna</subfield><subfield code="v">Bd. 6</subfield></datafield><datafield ind1="1" ind2=" " tag="490"><subfield code="a">Contributions to the chronology of the Eastern Mediterranean</subfield><subfield code="v">v. 30</subfield></datafield><datafield ind1="1" ind2=" " tag="490"><subfield code="a">Denkschriften der Gesamtakademie</subfield><subfield code="v">70</subfield></datafield><datafield ind1=" " ind2=" " tag="500"><subfield code="a">Beiträge engl. und dt.</subfield></datafield><datafield ind1=" " ind2=" " tag="504"><subfield code="a">Includes bibliographical references (p. [9]-21) and index.</subfield></datafield><datafield ind1="8" ind2=" " tag="520"><subfield code="a">Die Insel Ägina mit ihrem gleichnamigen Hauptort war in der spätarchaischen und klassischen Periode ein wichtiges Zentrum in der zentralen Ägäis. Die Bedeutung und der Wohlstand Äginas resultierten aus der intensiven Handelstätigkeit seiner Flotte mit weit reichenden Verbindungen über den Saronischen Golf hinaus bis in das Schwarzmeergebiet, nach Nordafrika und Italien. Der vorliegende Band untersucht Keramik aus klassischen Kontexten im Gebiet des &quot;Kolonna-Hügels&quot;, der Akropolis der antiken Inselhauptstadt. Diese Kontexte enthalten neben einer Reihe von Importen, darunter solche aus Attika, Korinth, Lakonien, Ostgriechenland und der nördlichen Ägäis, auch zahlreiche Gefässe lokaler Herkunft. Also part of series: Contributions to the Chronology of the Eastern Mediterranean ; 30 / Ägina Kolonna, Forschungen und Ergebnisse ; 6.0</subfield></datafield><datafield ind1="0" ind2="0" tag="600"><subfield code="a">Apollo</subfield><subfield code="c">(Deity)</subfield><subfield code="x">Cult</subfield><subfield code="z">Greece</subfield><subfield code="z">Aegina Island</subfield></datafield><datafield ind1=" " ind2="7" tag="648"><subfield code="a">Geschichte 600 v. Chr.-500 v. Chr</subfield><subfield code="2">gnd</subfield></datafield><datafield ind1=" " ind2="0" tag="650"><subfield code="a">Pottery</subfield><subfield code="z">Greece</subfield><subfield code="z">Aegina Island</subfield></datafield><datafield ind1=" " ind2="7" tag="650"><subfield code="a">Céramique grecque</subfield><subfield code="0">(IDREF)027310914</subfield><subfield code="2">idref</subfield></datafield><datafield ind1=" " ind2="7" tag="650"><subfield code="a">Sanctuaires</subfield><subfield code="0">(IDREF)027342522</subfield><subfield code="2">idref</subfield></datafield><datafield ind1=" " ind2="7" tag="650"><subfield code="a">Temples grecs</subfield><subfield code="0">(IDREF)027253724</subfield><subfield code="2">idref</subfield></datafield><datafield ind1=" " ind2="7" tag="650"><subfield code="a">Ausgrabung</subfield><subfield code="0">(DE-588)4129464-6</subfield><subfield code="2">gnd</subfield></datafield><datafield ind1=" " ind2="7" tag="650"><subfield code="a">Brunnen</subfield><subfield code="0">(DE-588)4008491-7</subfield><subfield code="2">gnd</subfield></datafield><datafield ind1=" " ind2="7" tag="650"><subfield code="a">Verfüllung</subfield><subfield code="0">(DE-588)4335910-3</subfield><subfield code="2">gnd</subfield></datafield><datafield ind1=" " ind2="7" tag="650"><subfield code="a">Keramik</subfield><subfield code="0">(DE-588)4030270-2</subfield><subfield code="2">gnd</subfield></datafield><datafield ind1=" " ind2="0" tag="651"><subfield code="a">Aegina Island (Greece)</subfield><subfield code="x">Antiquities</subfield></datafield><datafield ind1=" " ind2="7" tag="651"><subfield code="a">Égine (Grèce)</subfield><subfield code="x">Temple d'Apollon</subfield><subfield code="0">(IDREF)030197899</subfield><subfield code="2">idref</subfield></datafield><datafield ind1=" " ind2="7" tag="651"><subfield code="a">Kap Skenderotti</subfield><subfield code="0">(DE-588)7630651-3</subfield><subfield code="2">gnd</subfield></datafield><datafield ind1=" " ind2="7" tag="651"><subfield code="a">Apollontempel</subfield><subfield code="g">Ägina</subfield><subfield code="0">(DE-588)4209665-0</subfield><subfield code="2">gnd</subfield></datafield><datafield ind1=" " ind2="7" tag="651"><subfield code="a">Grèce</subfield><subfield code="y">499-323 av. J.-C. (Époque classique)</subfield><subfield code="0">(IDREF)027433692</subfield><subfield code="2">idref</subfield></datafield><datafield ind1="1" ind2=" " tag="700"><subfield code="a">Pentedeka, Areti</subfield></datafield><datafield ind1="4" ind2=" " tag="856"><subfield code="3">Inhaltsverzeichnis</subfield><subfield code="u">http://www.ub.unibas.ch/tox/IDSBB/006100894/PDF</subfield><subfield code="q">pdf</subfield></datafield><datafield ind1=" " ind2="0" tag="830"><subfield code="a">Ägina-Kolonna</subfield><subfield code="p">Forschungen und Ergebnisse</subfield><subfield code="v">6</subfield><subfield code="w">(RERO)R004643308-41slsp</subfield></datafield><datafield ind1=" " ind2="0" tag="830"><subfield code="a">Contributions to the chronology of the Eastern Mediterranean</subfield><subfield code="v">30</subfield><subfield code="w">(IDSBB)002254521DSV01</subfield></datafield><datafield ind1=" " ind2="0" tag="830"><subfield code="a">Ägina-Kolonna</subfield><subfield code="v">6</subfield><subfield code="w">(IDSBB)004260739DSV01</subfield></datafield><datafield ind1=" " ind2="0" tag="830"><subfield code="a">Denkschriften der Gesamtakademie</subfield><subfield code="v">70</subfield><subfield code="w">(IDSBB)000024956DSV01</subfield></datafield><datafield ind1=" " ind2=" " tag="949"><subfield code="a">http://www.ub.unibas.ch/tox/IDSBB/006100894/PDF</subfield></datafield></record>
</metadata></record>