<record><header><identifier>oai:alma.41SLSP_UGE:991000810679705502</identifier><datestamp>2024-10-17T00:10:03Z</datestamp><setSpec>uge_bcen_RapidILL_BOOK</setSpec><setSpec>uge_aaca_RapidILL_BOOK</setSpec><setSpec>uge_abels_RapidILL_BOOK</setSpec><setSpec>uge_dbu_RapidILL_BOOK</setSpec><setSpec>uge_cmu_RapidILL_BOOK</setSpec><setSpec>uge_mail_RapidILL_BOOK</setSpec><setSpec>uge_abbat_RapidILL_BOOK</setSpec><setSpec>UNIGE_ALL</setSpec><setSpec>uge_aobs_RapidILL_BOOK</setSpec><setSpec>uge_acar_RapidILL_BOOK</setSpec></header><metadata>
<record xmlns="http://www.loc.gov/MARC21/slim" xmlns:xsi="http://www.w3.org/2001/XMLSchema-instance" xsi:schemaLocation="http://www.loc.gov/MARC21/slim http://www.loc.gov/standards/marcxml/schema/MARC21slim.xsd"><leader>02134nam a2200469 c 4500</leader><controlfield tag="001">991000810679705502</controlfield><controlfield tag="005">20241016204142.0</controlfield><controlfield tag="008">201011s1999    ne ||||| |||| 00| ||eng d</controlfield><datafield ind1=" " ind2=" " tag="020"><subfield code="a">0080426972</subfield><subfield code="q">hardbound</subfield></datafield><datafield ind1="7" ind2=" " tag="024"><subfield code="a">http://catalogue.bnf.fr/ark:/12148/cb44627572d</subfield><subfield code="2">uri</subfield></datafield><datafield ind1=" " ind2=" " tag="035"><subfield code="a">(swissbib)223657646-41slsp_network</subfield></datafield><datafield ind1=" " ind2=" " tag="035"><subfield code="a">223657646</subfield><subfield code="9">ExL</subfield></datafield><datafield ind1=" " ind2=" " tag="035"><subfield code="a">(RERO)R255874760-41slsp</subfield></datafield><datafield ind1=" " ind2=" " tag="035"><subfield code="a">(NEBIS)002090912EBI01</subfield></datafield><datafield ind1=" " ind2=" " tag="035"><subfield code="a">(EXLNZ-41SLSP_NETWORK)991146721419705501</subfield></datafield><datafield ind1=" " ind2=" " tag="040"><subfield code="a">RERO geussp</subfield><subfield code="d">CH-ZuSLS</subfield></datafield><datafield ind1=" " ind2="7" tag="072"><subfield code="a">py</subfield><subfield code="2">rero</subfield></datafield><datafield ind1="0" ind2="0" tag="245"><subfield code="a">Non-equilibrium processing of materials</subfield><subfield code="c">ed. by C. Suryanarayana</subfield></datafield><datafield ind1=" " ind2="1" tag="264"><subfield code="a">Amsterdam [etc.]</subfield><subfield code="b">Pergamon</subfield><subfield code="c">1999</subfield></datafield><datafield ind1=" " ind2=" " tag="300"><subfield code="a">XX, 438 p.</subfield><subfield code="b">ill.</subfield><subfield code="c">25 cm</subfield></datafield><datafield ind1=" " ind2=" " tag="336"><subfield code="b">txt</subfield><subfield code="2">rdacontent</subfield></datafield><datafield ind1=" " ind2=" " tag="337"><subfield code="b">n</subfield><subfield code="2">rdamedia</subfield></datafield><datafield ind1=" " ind2=" " tag="338"><subfield code="b">nc</subfield><subfield code="2">rdacarrier</subfield></datafield><datafield ind1="1" ind2=" " tag="490"><subfield code="a">Pergamon materials series</subfield></datafield><datafield ind1=" " ind2=" " tag="504"><subfield code="a">Bibliogr</subfield></datafield><datafield ind1=" " ind2="0" tag="650"><subfield code="a">Metals</subfield><subfield code="x">Thermomechanical treatment</subfield></datafield><datafield ind1=" " ind2="0" tag="650"><subfield code="a">Nonequilibrium thermodynamics</subfield></datafield><datafield ind1=" " ind2="0" tag="650"><subfield code="a">Phase rule and equilibrium</subfield></datafield><datafield ind1=" " ind2="0" tag="650"><subfield code="a">Metals</subfield><subfield code="x">Rapid solidification processing</subfield></datafield><datafield ind1=" " ind2="7" tag="650"><subfield code="a">ANGEWANDTE PLASMAPHYSIK</subfield><subfield code="9">ger</subfield><subfield code="0">(ETHUDK)000041852</subfield><subfield code="2">ethudk</subfield></datafield><datafield ind1=" " ind2="7" tag="650"><subfield code="a">CHEMISCHE BESCHICHTUNGEN AUS DER GASPHASE, CVD (PRODUKTIONSTECHNIK)</subfield><subfield code="9">ger</subfield><subfield code="0">(ETHUDK)000058906</subfield><subfield code="2">ethudk</subfield></datafield><datafield ind1=" " ind2="7" tag="650"><subfield code="a">EPITAXIALSCHICHTEN (PHYSIK VON MOLEKULARSYSTEMEN)</subfield><subfield code="9">ger</subfield><subfield code="0">(ETHUDK)000015688</subfield><subfield code="2">ethudk</subfield></datafield><datafield ind1=" " ind2="7" tag="650"><subfield code="a">ERSTARRUNG, ABKÜHLUNG (GIESSEREITECHNIK)</subfield><subfield code="9">ger</subfield><subfield code="0">(ETHUDK)000029063</subfield><subfield code="2">ethudk</subfield></datafield><datafield ind1=" " ind2="7" tag="650"><subfield code="a">LASERSTRAHLBEARBEITUNG (SPANENDE UMFORMUNG)</subfield><subfield code="9">ger</subfield><subfield code="0">(ETHUDK)000029315</subfield><subfield code="2">ethudk</subfield></datafield><datafield ind1=" " ind2="7" tag="650"><subfield code="a">MATERIALWISSENSCHAFTEN + MATERIALIEN</subfield><subfield code="9">ger</subfield><subfield code="0">(ETHUDK)000027784</subfield><subfield code="2">ethudk</subfield></datafield><datafield ind1=" " ind2="7" tag="650"><subfield code="a">MECHANISCHES LEGIEREN (METALLURGIE)</subfield><subfield code="9">ger</subfield><subfield code="0">(ETHUDK)000060054</subfield><subfield code="2">ethudk</subfield></datafield><datafield ind1=" " ind2="7" tag="650"><subfield code="a">NANOTECHNOLOGIE</subfield><subfield code="9">ger</subfield><subfield code="0">(ETHUDK)000043821</subfield><subfield code="2">ethudk</subfield></datafield><datafield ind1=" " ind2="7" tag="650"><subfield code="a">NICHTGLEICHGEWICHTSPROBLEME (THERMODYNAMIK)</subfield><subfield code="9">ger</subfield><subfield code="0">(ETHUDK)000015039</subfield><subfield code="2">ethudk</subfield></datafield><datafield ind1="1" ind2=" " tag="700"><subfield code="a">Suryanarayana, C</subfield><subfield code="0">(RERO)A005694775</subfield></datafield><datafield ind1="4" ind2=" " tag="856"><subfield code="3">Abstract / Autoreninformation</subfield><subfield code="u">https://toc.library.ethz.ch/objects/pdf/000077244_e01_0080426972_02.pdf</subfield><subfield code="q">pdf</subfield></datafield><datafield ind1=" " ind2=" " tag="830"><subfield code="a">Pergamon materials series</subfield><subfield code="w">(RERO)R255872560-41slsp</subfield></datafield><datafield ind1=" " ind2=" " tag="830"><subfield code="a">Pergamon materials series</subfield><subfield code="v">2</subfield><subfield code="w">(NEBIS)001927559EBI01</subfield></datafield><datafield ind1=" " ind2=" " tag="900"><subfield code="a">REROnoselfmerge</subfield></datafield></record>
</metadata></record>