<record><header><identifier>oai:alma.41SLSP_UGE:991000811309705502</identifier><datestamp>2023-03-01T01:10:17Z</datestamp><setSpec>uge_bcen_RapidILL_BOOK</setSpec><setSpec>uge_aaca_RapidILL_BOOK</setSpec><setSpec>uge_abels_RapidILL_BOOK</setSpec><setSpec>uge_dbu_RapidILL_BOOK</setSpec><setSpec>uge_cmu_RapidILL_BOOK</setSpec><setSpec>uge_mail_RapidILL_BOOK</setSpec><setSpec>UNIGE_ALL</setSpec><setSpec>uge_abbat_RapidILL_BOOK</setSpec><setSpec>uge_aobs_RapidILL_BOOK</setSpec><setSpec>uge_acar_RapidILL_BOOK</setSpec></header><metadata>
<record xmlns="http://www.loc.gov/MARC21/slim" xmlns:xsi="http://www.w3.org/2001/XMLSchema-instance" xsi:schemaLocation="http://www.loc.gov/MARC21/slim http://www.loc.gov/standards/marcxml/schema/MARC21slim.xsd"><leader>01036nam a2200277 c 4500</leader><controlfield tag="001">991000811309705502</controlfield><controlfield tag="005">20210206210737.0</controlfield><controlfield tag="008">110301s2010    be ||||| |||| 00| ||eng d</controlfield><datafield ind1=" " ind2=" " tag="020"><subfield code="a">9789058677860</subfield></datafield><datafield ind1=" " ind2=" " tag="035"><subfield code="a">(swissbib)11307364X-41slsp_network</subfield></datafield><datafield ind1=" " ind2=" " tag="035"><subfield code="a">11307364X</subfield><subfield code="9">ExL</subfield></datafield><datafield ind1=" " ind2=" " tag="035"><subfield code="a">(RERO)R005943872-41slsp</subfield></datafield><datafield ind1=" " ind2=" " tag="035"><subfield code="a">(EXLNZ-41SLSP_NETWORK)991018322319705501</subfield></datafield><datafield ind1=" " ind2=" " tag="040"><subfield code="a">RERO geulsa</subfield><subfield code="d">CH-ZuSLS</subfield></datafield><datafield ind1=" " ind2="7" tag="072"><subfield code="a">ar</subfield><subfield code="2">rero</subfield></datafield><datafield ind1="1" ind2=" " tag="100"><subfield code="a">Van Peer, Philip</subfield><subfield code="0">(IDREF)033179093</subfield><subfield code="4">cre</subfield></datafield><datafield ind1="1" ind2="0" tag="245"><subfield code="a">Chert quarrying, lithic technology and a modern human burial at the palaeolithic site of Taramsa 1, upper Egypt</subfield><subfield code="c">Philip van Peer, Pierre M. Vermeersch and Etienne Paulissen</subfield></datafield><datafield ind1=" " ind2="1" tag="264"><subfield code="a">Leuven</subfield><subfield code="b">Leuven University Press</subfield><subfield code="c">2010</subfield></datafield><datafield ind1=" " ind2=" " tag="300"><subfield code="a">311 p.</subfield><subfield code="b">ill.</subfield></datafield><datafield ind1=" " ind2=" " tag="336"><subfield code="b">txt</subfield><subfield code="2">rdacontent</subfield></datafield><datafield ind1=" " ind2=" " tag="337"><subfield code="b">n</subfield><subfield code="2">rdamedia</subfield></datafield><datafield ind1=" " ind2=" " tag="338"><subfield code="b">nc</subfield><subfield code="2">rdacarrier</subfield></datafield><datafield ind1="1" ind2=" " tag="490"><subfield code="a">Egyptian prehistory monographs</subfield><subfield code="v">5</subfield></datafield><datafield ind1="1" ind2=" " tag="700"><subfield code="a">Vermeersch, Pierre M.</subfield><subfield code="0">(IDREF)028565223</subfield></datafield><datafield ind1="1" ind2=" " tag="700"><subfield code="a">Paulissen, Etienne</subfield><subfield code="d">19..-....</subfield><subfield code="0">(IDREF)145576671</subfield></datafield><datafield ind1=" " ind2="0" tag="830"><subfield code="a">Egyptian prehistory monographs</subfield><subfield code="v">5</subfield><subfield code="w">(RERO)2264788-41slsp</subfield></datafield><datafield ind1=" " ind2=" " tag="900"><subfield code="a">REROnoselfmerge</subfield></datafield></record>
</metadata></record>