<record><header><identifier>oai:alma.41SLSP_UGE:991000810559705502</identifier><datestamp>2023-12-07T01:21:31Z</datestamp><setSpec>uge_bcen_RapidILL_BOOK</setSpec><setSpec>uge_aaca_RapidILL_BOOK</setSpec><setSpec>uge_abels_RapidILL_BOOK</setSpec><setSpec>uge_dbu_RapidILL_BOOK</setSpec><setSpec>uge_cmu_RapidILL_BOOK</setSpec><setSpec>uge_mail_RapidILL_BOOK</setSpec><setSpec>uge_abbat_RapidILL_BOOK</setSpec><setSpec>UNIGE_ALL</setSpec><setSpec>uge_acar_RapidILL_BOOK</setSpec><setSpec>uge_aobs_RapidILL_BOOK</setSpec></header><metadata>
<record xmlns="http://www.loc.gov/MARC21/slim" xmlns:xsi="http://www.w3.org/2001/XMLSchema-instance" xsi:schemaLocation="http://www.loc.gov/MARC21/slim http://www.loc.gov/standards/marcxml/schema/MARC21slim.xsd"><leader>01697nam a2200433 c 4500</leader><controlfield tag="001">991000810559705502</controlfield><controlfield tag="005">20230127204916.0</controlfield><controlfield tag="008">201011s1987    xxk||||| |||| 10| ||eng d</controlfield><datafield ind1=" " ind2=" " tag="020"><subfield code="a">0949009040</subfield></datafield><datafield ind1=" " ind2=" " tag="035"><subfield code="a">(swissbib)216608627-41slsp_network</subfield></datafield><datafield ind1=" " ind2=" " tag="035"><subfield code="a">216608627</subfield><subfield code="9">ExL</subfield></datafield><datafield ind1=" " ind2=" " tag="035"><subfield code="a">(RERO)0883366-41slsp</subfield></datafield><datafield ind1=" " ind2=" " tag="035"><subfield code="a">(IDSBB)000863473DSV01</subfield></datafield><datafield ind1=" " ind2=" " tag="035"><subfield code="a">(NEBIS)005797698EBI01</subfield></datafield><datafield ind1=" " ind2=" " tag="035"><subfield code="a">(EXLNZ-41SLSP_NETWORK)991086707449705501</subfield></datafield><datafield ind1=" " ind2=" " tag="040"><subfield code="a">RERO laisdc</subfield><subfield code="d">CH-ZuSLS</subfield></datafield><datafield ind1=" " ind2="7" tag="072"><subfield code="a">dr</subfield><subfield code="2">rero</subfield></datafield><datafield ind1=" " ind2="7" tag="072"><subfield code="a">rw</subfield><subfield code="2">SzZuIDS BS/BE</subfield></datafield><datafield ind1="1" ind2="4" tag="082"><subfield code="a">340</subfield><subfield code="2">15</subfield></datafield><datafield ind1=" " ind2=" " tag="084"><subfield code="a">D 18 g</subfield><subfield code="2">cjurrom</subfield></datafield><datafield ind1=" " ind2=" " tag="084"><subfield code="a">MD 4700</subfield><subfield code="2">rvk</subfield></datafield><datafield ind1=" " ind2=" " tag="084"><subfield code="a">PR 2213</subfield><subfield code="2">rvk</subfield></datafield><datafield ind1="1" ind2=" " tag="100"><subfield code="a">Meron, Theodor</subfield><subfield code="d">1930-....</subfield><subfield code="0">(IDREF)032048793</subfield><subfield code="4">cre</subfield></datafield><datafield ind1="1" ind2="0" tag="245"><subfield code="a">Human rights in internal strife</subfield><subfield code="b">their international protection</subfield><subfield code="c">by Theodor Meron</subfield></datafield><datafield ind1=" " ind2="1" tag="264"><subfield code="a">Cambridge</subfield><subfield code="b">Grotius Publ.</subfield><subfield code="c">1987</subfield></datafield><datafield ind1=" " ind2=" " tag="300"><subfield code="a">XIII, 172 p.</subfield><subfield code="c">24 cm</subfield></datafield><datafield ind1=" " ind2=" " tag="336"><subfield code="b">txt</subfield><subfield code="2">rdacontent</subfield></datafield><datafield ind1=" " ind2=" " tag="337"><subfield code="b">n</subfield><subfield code="2">rdamedia</subfield></datafield><datafield ind1=" " ind2=" " tag="338"><subfield code="b">nc</subfield><subfield code="2">rdacarrier</subfield></datafield><datafield ind1="1" ind2=" " tag="490"><subfield code="a">Hersch Lauterpacht Memorial lectures</subfield><subfield code="v">[5]</subfield></datafield><datafield ind1=" " ind2=" " tag="500"><subfield code="a">Porte en avant-titre : University of Cambridge, Research Centre for international law</subfield></datafield><datafield ind1=" " ind2="7" tag="650"><subfield code="a">Droits de l'homme</subfield><subfield code="0">(IDREF)027466957</subfield><subfield code="2">idref</subfield></datafield><datafield ind1=" " ind2="7" tag="650"><subfield code="a">Droit international</subfield><subfield code="0">(IDREF)050627597</subfield><subfield code="2">idref</subfield></datafield><datafield ind1=" " ind2="7" tag="650"><subfield code="a">Grundrechte</subfield><subfield code="x">Internationales Recht</subfield><subfield code="v">0 Gesamtdarstellung</subfield><subfield code="2">idsbb</subfield></datafield><datafield ind1="2" ind2=" " tag="710"><subfield code="a">University of Cambridge</subfield><subfield code="b">Research Centre for International Law</subfield><subfield code="0">(DE-588)3008638-3</subfield></datafield><datafield ind1="2" ind2=" " tag="710"><subfield code="a">Cambridge University</subfield><subfield code="b">Research Centre for International Law</subfield><subfield code="0">(RERO)A005444170</subfield></datafield><datafield ind1="2" ind2=" " tag="711"><subfield code="a">Hersch Lauterpacht Lecture</subfield><subfield code="c">Cambridge</subfield><subfield code="0">(RERO)A011317253</subfield></datafield><datafield ind1=" " ind2=" " tag="830"><subfield code="a">Hersch Lauterpacht memorial lectures</subfield><subfield code="v">5</subfield><subfield code="w">(IDSBB)000528922DSV01</subfield></datafield><datafield ind1=" " ind2=" " tag="900"><subfield code="a">REROnoselfmerge</subfield></datafield><datafield ind1=" " ind2=" " tag="900"><subfield code="a">IDSZ2rwimon200905i</subfield><subfield code="c">IDSZ2bice 090513</subfield></datafield></record>
</metadata></record>