<record><header><identifier>oai:alma.41SLSP_UGE:991000810769705502</identifier><datestamp>2024-04-11T00:28:16Z</datestamp><setSpec>uge_bcen_RapidILL_BOOK</setSpec><setSpec>uge_aaca_RapidILL_BOOK</setSpec><setSpec>uge_abels_RapidILL_BOOK</setSpec><setSpec>uge_dbu_RapidILL_BOOK</setSpec><setSpec>uge_cmu_RapidILL_BOOK</setSpec><setSpec>uge_mail_RapidILL_BOOK</setSpec><setSpec>uge_abbat_RapidILL_BOOK</setSpec><setSpec>UNIGE_ALL</setSpec><setSpec>uge_aobs_RapidILL_BOOK</setSpec><setSpec>uge_acar_RapidILL_BOOK</setSpec></header><metadata>
<record xmlns="http://www.loc.gov/MARC21/slim" xmlns:xsi="http://www.w3.org/2001/XMLSchema-instance" xsi:schemaLocation="http://www.loc.gov/MARC21/slim http://www.loc.gov/standards/marcxml/schema/MARC21slim.xsd"><leader>04674nam a2200961 c 4500</leader><controlfield tag="001">991000810769705502</controlfield><controlfield tag="005">20240410143204.0</controlfield><controlfield tag="008">201011s2015    sz            10| | ger| </controlfield><datafield ind1=" " ind2=" " tag="015"><subfield code="a">15,N49</subfield><subfield code="2">dnb</subfield></datafield><datafield ind1="7" ind2=" " tag="016"><subfield code="a">1079153454</subfield><subfield code="2">DE-101</subfield></datafield><datafield ind1=" " ind2=" " tag="019"><subfield code="a">Notices analytiques</subfield><subfield code="5">RERO/iftfla/01.2016</subfield></datafield><datafield ind1=" " ind2=" " tag="020"><subfield code="z">9783035412758</subfield><subfield code="q">Judocu</subfield></datafield><datafield ind1=" " ind2=" " tag="020"><subfield code="a">9783727259272</subfield><subfield code="q">E-Book</subfield></datafield><datafield ind1=" " ind2=" " tag="020"><subfield code="a">3727231963</subfield></datafield><datafield ind1=" " ind2=" " tag="020"><subfield code="a">9783727231964</subfield><subfield code="c">CHF 60.-</subfield></datafield><datafield ind1="3" ind2=" " tag="024"><subfield code="a">9783727231964</subfield></datafield><datafield ind1=" " ind2=" " tag="035"><subfield code="a">(swissbib)220903832-41slsp_network</subfield></datafield><datafield ind1=" " ind2=" " tag="035"><subfield code="a">220903832</subfield><subfield code="9">ExL</subfield></datafield><datafield ind1=" " ind2=" " tag="035"><subfield code="a">(IDSBB)006490934DSV01</subfield></datafield><datafield ind1=" " ind2=" " tag="035"><subfield code="a">(NEBIS)010572937EBI01</subfield></datafield><datafield ind1=" " ind2=" " tag="035"><subfield code="a">(IDSSG)000849800HSB01</subfield></datafield><datafield ind1=" " ind2=" " tag="035"><subfield code="a">(RERO)R008309828-41slsp</subfield></datafield><datafield ind1=" " ind2=" " tag="035"><subfield code="a">(IDSLU)001224272ILU01</subfield></datafield><datafield ind1=" " ind2=" " tag="035"><subfield code="a">(OCoLC)932020003</subfield></datafield><datafield ind1=" " ind2=" " tag="035"><subfield code="a">(ABN)000788800ABN01</subfield></datafield><datafield ind1=" " ind2=" " tag="035"><subfield code="a">(EXLNZ-41SLSP_NETWORK)991126824599705501</subfield></datafield><datafield ind1=" " ind2=" " tag="040"><subfield code="a">GWDNB</subfield><subfield code="b">ger</subfield><subfield code="e">rda</subfield><subfield code="d">CH-ZuSLS</subfield></datafield><datafield ind1=" " ind2=" " tag="044"><subfield code="a">sz</subfield><subfield code="c">ch-be</subfield></datafield><datafield ind1=" " ind2="7" tag="072"><subfield code="a">rw</subfield><subfield code="2">SzZuIDS BS/BE</subfield></datafield><datafield ind1=" " ind2="7" tag="072"><subfield code="a">dr</subfield><subfield code="2">rero</subfield></datafield><datafield ind1=" " ind2="7" tag="072"><subfield code="a">807</subfield><subfield code="2">IDS LU</subfield></datafield><datafield ind1=" " ind2="7" tag="072"><subfield code="a">841</subfield><subfield code="2">IDS LU</subfield></datafield><datafield ind1="0" ind2="4" tag="082"><subfield code="a">346.4940433</subfield><subfield code="2">22/ger</subfield></datafield><datafield ind1="0" ind2="4" tag="082"><subfield code="a">340</subfield></datafield><datafield ind1="1" ind2="4" tag="082"><subfield code="a">340</subfield><subfield code="2">15</subfield></datafield><datafield ind1=" " ind2=" " tag="084"><subfield code="a">CA/CH 70.1 e</subfield><subfield code="2">cjurrom</subfield></datafield><datafield ind1=" " ind2=" " tag="084"><subfield code="a">340</subfield><subfield code="2">sdnb</subfield></datafield><datafield ind1="2" ind2=" " tag="111"><subfield code="a">Luzerner Tag des Stockwerkeigentums</subfield><subfield code="n">5.</subfield><subfield code="d">2015</subfield><subfield code="c">Luzern</subfield><subfield code="0">(DE-588)1095515403</subfield></datafield><datafield ind1="1" ind2="0" tag="245"><subfield code="a">Luzerner Tag des Stockwerkeigentums 2015</subfield><subfield code="b">Tagung vom 24. November 2015 in Luzern</subfield><subfield code="c">Beiträge von Andrea Caroni, Michel de Roche, Stephanie Hrubesch-Millauer, Jörg Schwarz, Luca Tenchio, Amédéo Wermelinger, Reto Wyss</subfield></datafield><datafield ind1=" " ind2=" " tag="250"><subfield code="a">1. Auflage</subfield></datafield><datafield ind1=" " ind2="1" tag="264"><subfield code="a">Bern</subfield><subfield code="b">Stämpfli Verlag</subfield><subfield code="c">2015</subfield></datafield><datafield ind1=" " ind2=" " tag="300"><subfield code="a">XV, 173 S.</subfield><subfield code="c">23 cm</subfield></datafield><datafield ind1=" " ind2=" " tag="336"><subfield code="b">txt</subfield><subfield code="2">rdacontent</subfield></datafield><datafield ind1=" " ind2=" " tag="337"><subfield code="b">n</subfield><subfield code="2">rdamedia</subfield></datafield><datafield ind1=" " ind2=" " tag="338"><subfield code="b">nc</subfield><subfield code="2">rdacarrier</subfield></datafield><datafield ind1="0" ind2=" " tag="490"><subfield code="a">Weiterbildung Recht</subfield></datafield><datafield ind1=" " ind2=" " tag="500"><subfield code="a">Tagung organisiert von &quot;Weiterbildung Recht&quot; der Rechtswissenschaftlichen Fakultät an der Universität Luzern</subfield></datafield><datafield ind1=" " ind2=" " tag="500"><subfield code="a">Im Kopf der Titelseite: Universität Luzern</subfield></datafield><datafield ind1=" " ind2=" " tag="500"><subfield code="a">Enthält die Beiträge des fünften Luzerner Tages des Stockwerkeigentums</subfield></datafield><datafield ind1=" " ind2="7" tag="650"><subfield code="a">Stockwerkeigentum</subfield><subfield code="9">ger</subfield><subfield code="0">(RERO)jurivoc000021591ger</subfield><subfield code="2">jurivoc</subfield></datafield><datafield ind1=" " ind2="7" tag="650"><subfield code="a">Propriété par étages</subfield><subfield code="0">(IDREF)176051791</subfield><subfield code="2">idref</subfield></datafield><datafield ind1=" " ind2="7" tag="650"><subfield code="a">Droit</subfield><subfield code="0">(IDREF)027466868</subfield><subfield code="2">idref</subfield></datafield><datafield ind1=" " ind2="7" tag="650"><subfield code="a">Stockwerkseigentum</subfield><subfield code="0">(DE-588)4183390-9</subfield><subfield code="2">gnd</subfield></datafield><datafield ind1=" " ind2="7" tag="650"><subfield code="a">Sachenrecht</subfield><subfield code="0">(DE-588)4051148-0</subfield><subfield code="2">gnd</subfield></datafield><datafield ind1=" " ind2="7" tag="651"><subfield code="a">Schweiz</subfield><subfield code="9">ger</subfield><subfield code="0">(RERO)jurivoc000019912ger</subfield><subfield code="2">jurivoc</subfield></datafield><datafield ind1=" " ind2="7" tag="651"><subfield code="a">Suisse</subfield><subfield code="0">(IDREF)027249654</subfield><subfield code="2">idref</subfield></datafield><datafield ind1=" " ind2="7" tag="651"><subfield code="a">Schweiz</subfield><subfield code="0">(DE-588)4053881-3</subfield><subfield code="2">gnd</subfield></datafield><datafield ind1=" " ind2="7" tag="655"><subfield code="a">Actes de congrès</subfield><subfield code="0">(IDREF)02886431X</subfield><subfield code="2">idref</subfield></datafield><datafield ind1=" " ind2="7" tag="655"><subfield code="a">Konferenzschrift</subfield><subfield code="z">Luzern</subfield><subfield code="y">2015</subfield><subfield code="2">gnd-content</subfield></datafield><datafield ind1=" " ind2=" " tag="690"><subfield code="a">Eigentum; Tagung; Eigentümer; Anfechtung; Forderung; Weiterbildung; Roche</subfield><subfield code="2">idssg-J</subfield></datafield><datafield ind1=" " ind2=" " tag="690"><subfield code="a">Stockwerkeigentum; Stockwerkeigentümer; Beitragsforderung; Versammlungsbeschluss; Gesamtschau</subfield><subfield code="2">idssg-J</subfield></datafield><datafield ind1=" " ind2=" " tag="690"><subfield code="a">aktuelle Rechtsprechung; erbrechtlicher Aspekt; luzerner Tag; prozessuale Frage</subfield><subfield code="2">idssg-J</subfield></datafield><datafield ind1=" " ind2=" " tag="690"><subfield code="a">Schweiz C4EXSI</subfield><subfield code="2">idssg-J</subfield></datafield><datafield ind1=" " ind2=" " tag="690"><subfield code="a">Andrea Caroni; Jörg Schwarz Aktuelle Rechtsprechung; Roche Stephanie Hrubesch Millauer Jörg; Schwarz Luca Tenchio Amedeo; Schwarz Luca Tenchio Amedeo Wermelinger Reto Wyss Stämpfli Reto Wyss Stockwerkeigentum; Stephanie Hrubesch Millauer Erbrechtliche Aspekte; Versammlungsbeschluss Prozessuale Fragen; Wermelinger Reto Wyss Stämpfli</subfield><subfield code="2">idssg-J</subfield></datafield><datafield ind1=" " ind2=" " tag="691"><subfield code="e">PC 70.1 CH</subfield><subfield code="2">rzs-L1</subfield></datafield><datafield ind1="1" ind2=" " tag="700"><subfield code="a">Caroni, Andrea Claudio</subfield></datafield><datafield ind1="1" ind2=" " tag="700"><subfield code="a">Caroni, Andrea Claudio</subfield><subfield code="d">1980-</subfield><subfield code="0">(RERO)A016279540</subfield></datafield><datafield ind1="1" ind2=" " tag="700"><subfield code="a">Roche, Michel de</subfield><subfield code="c">avocat</subfield><subfield code="d">1975-....</subfield><subfield code="0">(IDREF)255249020</subfield><subfield code="4">aut</subfield></datafield><datafield ind1="1" ind2=" " tag="700"><subfield code="a">Hrubesch-Millauer, Stephanie</subfield><subfield code="d">1975-</subfield><subfield code="0">(DE-588)124021077</subfield><subfield code="4">aut</subfield></datafield><datafield ind1="1" ind2=" " tag="700"><subfield code="a">Schwarz, Jörg</subfield><subfield code="d">1954-</subfield><subfield code="0">(DE-588)1119931134</subfield><subfield code="4">aut</subfield></datafield><datafield ind1="1" ind2=" " tag="700"><subfield code="a">Tenchio, Luca</subfield><subfield code="d">1971-</subfield><subfield code="0">(DE-588)1041835752</subfield><subfield code="4">aut</subfield></datafield><datafield ind1="1" ind2=" " tag="700"><subfield code="a">Wyss, Reto</subfield><subfield code="4">aut</subfield></datafield><datafield ind1="1" ind2=" " tag="700"><subfield code="a">Wermelinger, Amédéo</subfield><subfield code="d">1964-</subfield><subfield code="0">(DE-588)107903496X</subfield><subfield code="4">edt</subfield></datafield><datafield ind1="1" ind2=" " tag="700"><subfield code="a">Caroni, Andrea</subfield><subfield code="d">1980-</subfield><subfield code="0">(DE-588)137071825</subfield><subfield code="4">aut</subfield></datafield><datafield ind1="2" ind2=" " tag="710"><subfield code="a">Universität Luzern</subfield><subfield code="b">Weiterbildung Recht</subfield><subfield code="0">(DE-588)113209237X</subfield><subfield code="4">orm</subfield></datafield><datafield ind1="2" ind2=" " tag="710"><subfield code="a">Universität Luzern</subfield><subfield code="0">(DE-588)10007661-0</subfield></datafield><datafield ind1="2" ind2=" " tag="711"><subfield code="a">Tag des Stockwerkeigentums</subfield><subfield code="0">(DE-588)1091844372</subfield></datafield><datafield ind1="2" ind2=" " tag="711"><subfield code="a">Luzerner Tag des Stockwerkeigentums</subfield><subfield code="n">5</subfield><subfield code="d">2015</subfield><subfield code="0">(RERO)A027279722</subfield></datafield><datafield ind1="2" ind2=" " tag="711"><subfield code="a">Tag des Stockwerkeigentums</subfield><subfield code="0">(DE-588)1091844372</subfield></datafield><datafield ind1="0" ind2="8" tag="776"><subfield code="i">Erscheint auch als Online-Ausgabe</subfield><subfield code="t">Luzerner Tag des Stockwerkeigentums</subfield><subfield code="w">(IDSBB)006515873DSV01</subfield></datafield><datafield ind1="4" ind2=" " tag="856"><subfield code="3">Titelblatt und Inhaltsverzeichnis</subfield><subfield code="u">https://toc.library.ethz.ch/objects/pdf03/z16_978-3-7272-3196-4_01.pdf</subfield><subfield code="q">pdf</subfield></datafield><datafield ind1=" " ind2=" " tag="900"><subfield code="a">IDSZ2zbzmon201611l</subfield><subfield code="c">IDSZ2tres</subfield><subfield code="d">IDSZ2zbzswk201701g</subfield><subfield code="e">IDSZ2bruu</subfield></datafield><datafield ind1=" " ind2=" " tag="900"><subfield code="a">IDSZ2rwimon201601f</subfield><subfield code="c">IDSZ2irell 160108</subfield><subfield code="d">IDSZ2rwiswk201601b</subfield><subfield code="e">IDSZ2sust</subfield></datafield><datafield ind1=" " ind2=" " tag="949"><subfield code="a">https://toc.library.ethz.ch/objects/pdf03/z16_978-3-7272-3196-4_01.pdf</subfield></datafield></record>
</metadata></record>