<record><header><identifier>oai:alma.41SLSP_UGE:991000811499705502</identifier><datestamp>2023-03-01T01:10:17Z</datestamp><setSpec>uge_bcen_RapidILL_BOOK</setSpec><setSpec>uge_aaca_RapidILL_BOOK</setSpec><setSpec>uge_abels_RapidILL_BOOK</setSpec><setSpec>uge_dbu_RapidILL_BOOK</setSpec><setSpec>uge_cmu_RapidILL_BOOK</setSpec><setSpec>uge_mail_RapidILL_BOOK</setSpec><setSpec>uge_abbat_RapidILL_BOOK</setSpec><setSpec>UNIGE_ALL</setSpec><setSpec>uge_aobs_RapidILL_BOOK</setSpec><setSpec>uge_acar_RapidILL_BOOK</setSpec></header><metadata>
<record xmlns="http://www.loc.gov/MARC21/slim" xmlns:xsi="http://www.w3.org/2001/XMLSchema-instance" xsi:schemaLocation="http://www.loc.gov/MARC21/slim http://www.loc.gov/standards/marcxml/schema/MARC21slim.xsd"><leader>01475nam a2200433 c 4500</leader><controlfield tag="001">991000811499705502</controlfield><controlfield tag="005">20230227201942.0</controlfield><controlfield tag="008">201011s1996    fr ||||| |||| 00| ||fre d</controlfield><datafield ind1=" " ind2=" " tag="020"><subfield code="a">2862605727</subfield></datafield><datafield ind1=" " ind2=" " tag="035"><subfield code="a">(swissbib)232106452-41slsp_network</subfield></datafield><datafield ind1=" " ind2=" " tag="035"><subfield code="a">232106452</subfield><subfield code="9">ExL</subfield></datafield><datafield ind1=" " ind2=" " tag="035"><subfield code="a">(RERO)2194045-41slsp</subfield></datafield><datafield ind1=" " ind2=" " tag="035"><subfield code="a">(NEBIS)001979935EBI01</subfield></datafield><datafield ind1=" " ind2=" " tag="035"><subfield code="a">(EXLNZ-41SLSP_NETWORK)991116779579705501</subfield></datafield><datafield ind1=" " ind2=" " tag="040"><subfield code="a">RERO frbcuc</subfield><subfield code="d">CH-ZuSLS</subfield></datafield><datafield ind1=" " ind2="7" tag="072"><subfield code="a">ge</subfield><subfield code="2">rero</subfield></datafield><datafield ind1="0" ind2="4" tag="082"><subfield code="a">930</subfield><subfield code="2">99a</subfield></datafield><datafield ind1="0" ind2="4" tag="082"><subfield code="a">937</subfield><subfield code="2">99</subfield></datafield><datafield ind1="0" ind2="4" tag="082"><subfield code="a">302.3</subfield></datafield><datafield ind1="1" ind2="4" tag="082"><subfield code="a">937</subfield></datafield><datafield ind1="0" ind2="0" tag="245"><subfield code="a">Tout négocier</subfield><subfield code="b">masques et vertiges des compromis</subfield><subfield code="c">dir. par Henri-Pierre Jeudy</subfield></datafield><datafield ind1=" " ind2="1" tag="264"><subfield code="a">Paris</subfield><subfield code="b">Ed. Autrement</subfield><subfield code="c">1996</subfield></datafield><datafield ind1=" " ind2=" " tag="300"><subfield code="a">237 p.</subfield><subfield code="c">25 cm</subfield></datafield><datafield ind1=" " ind2=" " tag="336"><subfield code="b">txt</subfield><subfield code="2">rdacontent</subfield></datafield><datafield ind1=" " ind2=" " tag="337"><subfield code="b">n</subfield><subfield code="2">rdamedia</subfield></datafield><datafield ind1=" " ind2=" " tag="338"><subfield code="b">nc</subfield><subfield code="2">rdacarrier</subfield></datafield><datafield ind1="1" ind2=" " tag="490"><subfield code="a">Autrement. Série Mutations</subfield><subfield code="v">n⁰ 163</subfield></datafield><datafield ind1="1" ind2=" " tag="490"><subfield code="a">Autrement. Collection Mutations</subfield><subfield code="v">no. 163</subfield></datafield><datafield ind1=" " ind2="7" tag="650"><subfield code="a">Négociations</subfield><subfield code="0">(IDREF)027476464</subfield><subfield code="2">idref</subfield></datafield><datafield ind1=" " ind2="7" tag="650"><subfield code="a">Kompromiss</subfield><subfield code="2">idszbz</subfield></datafield><datafield ind1=" " ind2="7" tag="650"><subfield code="a">Verhandlung</subfield><subfield code="2">idszbz</subfield></datafield><datafield ind1=" " ind2="0" tag="650"><subfield code="a">Conflict management</subfield></datafield><datafield ind1=" " ind2="0" tag="650"><subfield code="a">Negociation</subfield><subfield code="x">Psychological aspects</subfield></datafield><datafield ind1=" " ind2="0" tag="650"><subfield code="a">Pacific settlement of international disputes</subfield></datafield><datafield ind1=" " ind2="7" tag="655"><subfield code="a">[Études diverses]</subfield><subfield code="0">(RERO)A022249905</subfield><subfield code="2">rero</subfield></datafield><datafield ind1=" " ind2="7" tag="655"><subfield code="a">Aufsatzsammlung</subfield><subfield code="2">idszbz</subfield></datafield><datafield ind1="1" ind2=" " tag="700"><subfield code="a">Jeudy, Henri-Pierre</subfield><subfield code="d">1945-....</subfield><subfield code="0">(IDREF)026938197</subfield></datafield><datafield ind1=" " ind2=" " tag="830"><subfield code="a">Autrement</subfield><subfield code="p">Collection Mutations</subfield><subfield code="v">163</subfield><subfield code="w">(NEBIS)001977474EBI01</subfield></datafield><datafield ind1=" " ind2=" " tag="830"><subfield code="a">Autrement</subfield><subfield code="p">Série Mutations</subfield><subfield code="v">163</subfield><subfield code="w">(RERO)0439135-41slsp</subfield></datafield><datafield ind1=" " ind2=" " tag="900"><subfield code="a">REROnoselfmerge</subfield></datafield></record>
</metadata></record>