<record><header><identifier>oai:alma.41SLSP_UGE:991000811189705502</identifier><datestamp>2024-10-05T00:06:43Z</datestamp><setSpec>uge_bcen_RapidILL_BOOK</setSpec><setSpec>uge_aaca_RapidILL_BOOK</setSpec><setSpec>uge_abels_RapidILL_BOOK</setSpec><setSpec>uge_dbu_RapidILL_BOOK</setSpec><setSpec>uge_cmu_RapidILL_BOOK</setSpec><setSpec>uge_mail_RapidILL_BOOK</setSpec><setSpec>uge_abbat_RapidILL_BOOK</setSpec><setSpec>UNIGE_ALL</setSpec><setSpec>uge_aobs_RapidILL_BOOK</setSpec><setSpec>uge_acar_RapidILL_BOOK</setSpec></header><metadata>
<record xmlns="http://www.loc.gov/MARC21/slim" xmlns:xsi="http://www.w3.org/2001/XMLSchema-instance" xsi:schemaLocation="http://www.loc.gov/MARC21/slim http://www.loc.gov/standards/marcxml/schema/MARC21slim.xsd"><leader>01708nam a2200469 c 4500</leader><controlfield tag="001">991000811189705502</controlfield><controlfield tag="005">20241004203841.0</controlfield><controlfield tag="008">201011s1998    sp ||||| |||| 00| ||spa d</controlfield><datafield ind1=" " ind2=" " tag="020"><subfield code="a">8488333315</subfield></datafield><datafield ind1=" " ind2=" " tag="035"><subfield code="a">(swissbib)226223493-41slsp_network</subfield></datafield><datafield ind1=" " ind2=" " tag="035"><subfield code="a">226223493</subfield><subfield code="9">ExL</subfield></datafield><datafield ind1=" " ind2=" " tag="035"><subfield code="a">(RERO)R263800660-41slsp</subfield></datafield><datafield ind1=" " ind2=" " tag="035"><subfield code="a">(IDSBB)002009101DSV01</subfield></datafield><datafield ind1=" " ind2=" " tag="035"><subfield code="a">(EXLNZ-41SLSP_NETWORK)991125612359705501</subfield></datafield><datafield ind1=" " ind2=" " tag="040"><subfield code="a">I5B neubfl</subfield><subfield code="d">CH-ZuSLS</subfield></datafield><datafield ind1=" " ind2="4" tag="050"><subfield code="a">PQ6419</subfield><subfield code="b">.P5 1998</subfield></datafield><datafield ind1=" " ind2="7" tag="072"><subfield code="a">es</subfield><subfield code="2">rero</subfield></datafield><datafield ind1=" " ind2=" " tag="084"><subfield code="a">IO 2350</subfield><subfield code="2">rvk</subfield></datafield><datafield ind1=" " ind2=" " tag="084"><subfield code="a">IO 2783</subfield><subfield code="2">rvk</subfield></datafield><datafield ind1="0" ind2="0" tag="245"><subfield code="a">Primaleón</subfield><subfield code="b">Salamanca, 1512</subfield><subfield code="c">ed. de M. Carmen Marín Pina</subfield></datafield><datafield ind1=" " ind2="1" tag="264"><subfield code="a">Alcalá de Henares [Spain]</subfield><subfield code="b">Centro de Estudios Cervantinos</subfield><subfield code="c">1998</subfield></datafield><datafield ind1=" " ind2=" " tag="300"><subfield code="a">xxiii, 555 p. : ill.</subfield><subfield code="c">24 cm.</subfield></datafield><datafield ind1=" " ind2=" " tag="336"><subfield code="b">txt</subfield><subfield code="2">rdacontent</subfield></datafield><datafield ind1=" " ind2=" " tag="337"><subfield code="b">n</subfield><subfield code="2">rdamedia</subfield></datafield><datafield ind1=" " ind2=" " tag="338"><subfield code="b">nc</subfield><subfield code="2">rdacarrier</subfield></datafield><datafield ind1="1" ind2=" " tag="490"><subfield code="a">Libros de Rocinante</subfield><subfield code="v">3</subfield></datafield><datafield ind1=" " ind2=" " tag="500"><subfield code="a">Originally published: Salamanca, 1512.</subfield></datafield><datafield ind1=" " ind2=" " tag="504"><subfield code="a">Includes bibliographical references (p. xxiii).</subfield></datafield><datafield ind1="0" ind2="7" tag="630"><subfield code="a">Tristán de Leonís</subfield><subfield code="0">(DE-588)4220661-3</subfield><subfield code="2">gnd</subfield></datafield><datafield ind1="0" ind2="0" tag="630"><subfield code="a">Palmerin de Oliva (Romance)</subfield></datafield><datafield ind1=" " ind2="0" tag="650"><subfield code="a">Middle Ages</subfield><subfield code="v">Fiction</subfield></datafield><datafield ind1=" " ind2="0" tag="650"><subfield code="a">Knights and knighthood</subfield><subfield code="v">Fiction</subfield></datafield><datafield ind1=" " ind2="0" tag="650"><subfield code="a">Spanish literature</subfield><subfield code="y">Classical period, 1500-1700</subfield></datafield><datafield ind1=" " ind2="0" tag="650"><subfield code="a">Spanish literature</subfield><subfield code="y">Classical period, 1500-1700</subfield><subfield code="x">History and criticism</subfield></datafield><datafield ind1=" " ind2="0" tag="650"><subfield code="a">Tristan (Legendary character) in literature</subfield></datafield><datafield ind1=" " ind2="0" tag="650"><subfield code="a">Romances, Spanish</subfield><subfield code="x">History and criticism</subfield></datafield><datafield ind1=" " ind2="0" tag="650"><subfield code="a">Romances, Spanish</subfield><subfield code="y">16th century</subfield></datafield><datafield ind1=" " ind2=" " tag="690"><subfield code="a">Libros de caballería</subfield><subfield code="2">ubs-AR</subfield></datafield><datafield ind1="1" ind2=" " tag="700"><subfield code="a">Marín Pina, M. Carmen</subfield></datafield><datafield ind1="1" ind2=" " tag="700"><subfield code="a">Marín Pina, María Carmen</subfield><subfield code="0">(RERO)A009350510</subfield></datafield><datafield ind1="0" ind2=" " tag="730"><subfield code="a">Primaleón</subfield></datafield><datafield ind1=" " ind2=" " tag="830"><subfield code="a">&lt;&lt;Los&gt;&gt; libros de Rocinante</subfield><subfield code="v">3</subfield><subfield code="w">(IDSBB)002009091DSV01</subfield></datafield><datafield ind1=" " ind2=" " tag="900"><subfield code="a">REROnoselfmerge</subfield></datafield><datafield ind1=" " ind2=" " tag="993"><subfield code="a">BFLA 232932/3</subfield><subfield code="x">ge/ules/a/12/28</subfield><subfield code="9">LOCAL</subfield></datafield></record>
</metadata></record>