<record><header><identifier>oai:alma.41SLSP_UGE:991000810669705502</identifier><datestamp>2023-06-26T00:15:31Z</datestamp><setSpec>UNIGE_ALL</setSpec></header><metadata>
<record xmlns="http://www.loc.gov/MARC21/slim" xmlns:xsi="http://www.w3.org/2001/XMLSchema-instance" xsi:schemaLocation="http://www.loc.gov/MARC21/slim http://www.loc.gov/standards/marcxml/schema/MARC21slim.xsd"><leader>01980ngm a2200445 c 4500</leader><controlfield tag="001">991000810669705502</controlfield><controlfield tag="005">20230625173142.0</controlfield><controlfield tag="007">vd |v||||</controlfield><controlfield tag="008">061211s2004    fr ||| |          v|eng d</controlfield><datafield ind1="4" ind2="2" tag="028"><subfield code="a">3760080040194</subfield></datafield><datafield ind1="4" ind2="2" tag="028"><subfield code="a">EDV1103</subfield></datafield><datafield ind1=" " ind2=" " tag="035"><subfield code="a">(swissbib)104510536-41slsp_network</subfield></datafield><datafield ind1=" " ind2=" " tag="035"><subfield code="a">104510536</subfield><subfield code="9">ExL</subfield></datafield><datafield ind1=" " ind2=" " tag="035"><subfield code="a">(RERO)R004292689-41slsp</subfield></datafield><datafield ind1=" " ind2=" " tag="035"><subfield code="a">(EXLNZ-41SLSP_NETWORK)991141063979705501</subfield></datafield><datafield ind1=" " ind2=" " tag="040"><subfield code="a">RERO geumem</subfield><subfield code="d">CH-ZuSLS</subfield></datafield><datafield ind1="1" ind2=" " tag="041"><subfield code="a">eng</subfield><subfield code="a">fre</subfield><subfield code="h">eng</subfield></datafield><datafield ind1=" " ind2="7" tag="072"><subfield code="a">ba</subfield><subfield code="2">rero</subfield></datafield><datafield ind1="1" ind2=" " tag="080"><subfield code="a">DVDFL</subfield></datafield><datafield ind1="0" ind2="0" tag="245"><subfield code="a">Fire</subfield><subfield code="c">un film de Deepa Mehta</subfield></datafield><datafield ind1=" " ind2="1" tag="264"><subfield code="a">[Paris]</subfield><subfield code="b">Antiprod</subfield><subfield code="c">[2004]</subfield></datafield><datafield ind1=" " ind2="4" tag="264"><subfield code="c">© 2004</subfield></datafield><datafield ind1=" " ind2=" " tag="300"><subfield code="a">1 DVD vidéo</subfield></datafield><datafield ind1=" " ind2=" " tag="336"><subfield code="b">tdi</subfield><subfield code="2">rdacontent</subfield></datafield><datafield ind1=" " ind2=" " tag="337"><subfield code="b">v</subfield><subfield code="2">rdamedia</subfield></datafield><datafield ind1=" " ind2=" " tag="338"><subfield code="b">vd</subfield><subfield code="2">rdacarrier</subfield></datafield><datafield ind1=" " ind2=" " tag="385"><subfield code="a">Tous publics</subfield><subfield code="2">rero</subfield></datafield><datafield ind1=" " ind2=" " tag="385"><subfield code="a">Adultes</subfield><subfield code="2">rero</subfield></datafield><datafield ind1="0" ind2=" " tag="490"><subfield code="a">Cinégay collection</subfield></datafield><datafield ind1=" " ind2=" " tag="500"><subfield code="a">Durée du film 108 min.</subfield></datafield><datafield ind1=" " ind2=" " tag="500"><subfield code="a">Choix de langues : Anglais. Sous-titres : Français</subfield></datafield><datafield ind1=" " ind2=" " tag="500"><subfield code="a">Une production Trial by Fire Films, cop. 1996</subfield></datafield><datafield ind1=" " ind2=" " tag="500"><subfield code="a">Format écran: 4/3 - format image: 1.85</subfield></datafield><datafield ind1="0" ind2=" " tag="505"><subfield code="a">Bonus : galerie photos ; revue de presse ; bande-annonce</subfield></datafield><datafield ind1="0" ind2=" " tag="511"><subfield code="a">Shabana Azmi (Radha) ; Nandita Das (Sita)... [et al.]</subfield></datafield><datafield ind1="8" ind2=" " tag="520"><subfield code="a">&quot;Sita est une toute jeune épouse qui croit à l'amour absolu. Mais Jutin son mari a déjà la tête qui tourne pour une autre. Le frère de Jutin délaisse sa femme, Radha, fuit le désir et les plaisirs et trouve refuge chez un gourou. Tous vivent dans la maison familiale sous le regard sévère de la mère des deux frères, gardienne des traditions ancestrales. Révoltée, Sita refuse le silence et bouscule le fragile équilibre de la famille. Sa rébellion déteint sur Radha et les deux femmes se rapprochent progressivement.&quot;</subfield><subfield code="5">RERO/geumem/12.2006</subfield></datafield><datafield ind1="8" ind2=" " tag="520"><subfield code="a">Bollywood</subfield><subfield code="5">RERO/necfbv/02.2015</subfield></datafield><datafield ind1="8" ind2=" " tag="520"><subfield code="a">Romance</subfield><subfield code="5">RERO/vsbcvs/12.2015</subfield></datafield><datafield ind1=" " ind2="7" tag="655"><subfield code="a">DVD</subfield><subfield code="0">(IDREF)035108444</subfield><subfield code="2">idref</subfield></datafield><datafield ind1=" " ind2="7" tag="655"><subfield code="a">Films de fiction</subfield><subfield code="0">(IDREF)14779644X</subfield><subfield code="2">idref</subfield></datafield><datafield ind1="1" ind2=" " tag="700"><subfield code="a">Mehta, Deepa</subfield><subfield code="d">1950-....</subfield><subfield code="0">(IDREF)129546666</subfield></datafield></record>
</metadata></record>