<record><header><identifier>oai:alma.41SLSP_UGE:991000811429705502</identifier><datestamp>2024-05-18T03:13:58Z</datestamp><setSpec>uge_bcen_RapidILL_BOOK</setSpec><setSpec>uge_aaca_RapidILL_BOOK</setSpec><setSpec>uge_abels_RapidILL_BOOK</setSpec><setSpec>uge_dbu_RapidILL_BOOK</setSpec><setSpec>uge_cmu_RapidILL_BOOK</setSpec><setSpec>uge_mail_RapidILL_BOOK</setSpec><setSpec>uge_abbat_RapidILL_BOOK</setSpec><setSpec>UNIGE_ALL</setSpec><setSpec>uge_acar_RapidILL_BOOK</setSpec><setSpec>uge_aobs_RapidILL_BOOK</setSpec></header><metadata>
<record xmlns="http://www.loc.gov/MARC21/slim" xmlns:xsi="http://www.w3.org/2001/XMLSchema-instance" xsi:schemaLocation="http://www.loc.gov/MARC21/slim http://www.loc.gov/standards/marcxml/schema/MARC21slim.xsd"><leader>02064nam a2200553uc 4500</leader><controlfield tag="001">991000811429705502</controlfield><controlfield tag="005">20240409180407.0</controlfield><controlfield tag="008">201011t19861986gw            00| i ger|d</controlfield><datafield ind1=" " ind2=" " tag="020"><subfield code="a">3129093400</subfield></datafield><datafield ind1="7" ind2=" " tag="024"><subfield code="a">http://catalogue.bnf.fr/ark:/12148/cb34920020h</subfield><subfield code="2">uri</subfield></datafield><datafield ind1=" " ind2=" " tag="035"><subfield code="a">(swissbib)216287499-41slsp_network</subfield></datafield><datafield ind1=" " ind2=" " tag="035"><subfield code="a">216287499</subfield><subfield code="9">ExL</subfield></datafield><datafield ind1=" " ind2=" " tag="035"><subfield code="a">(NEBIS)000529341EBI01</subfield></datafield><datafield ind1=" " ind2=" " tag="035"><subfield code="a">(IDSLU)000116646ILU01</subfield></datafield><datafield ind1=" " ind2=" " tag="035"><subfield code="a">(IDSBB)000393090DSV01</subfield></datafield><datafield ind1=" " ind2=" " tag="035"><subfield code="a">(RERO)2243855-41slsp</subfield></datafield><datafield ind1=" " ind2=" " tag="035"><subfield code="a">(ABN)000017622ABN01</subfield></datafield><datafield ind1=" " ind2=" " tag="035"><subfield code="a">(EXLNZ-41SLSP_NETWORK)991127126929705501</subfield></datafield><datafield ind1=" " ind2=" " tag="040"><subfield code="a">ETH-BIB</subfield><subfield code="b">ger</subfield><subfield code="e">ETHICS-ISBD</subfield><subfield code="d">CH-ZuSLS</subfield></datafield><datafield ind1=" " ind2="7" tag="072"><subfield code="a">592</subfield><subfield code="2">IDS LU</subfield></datafield><datafield ind1=" " ind2="7" tag="072"><subfield code="a">al</subfield><subfield code="2">rero</subfield></datafield><datafield ind1="0" ind2="0" tag="082"><subfield code="a">838/.709</subfield><subfield code="2">19</subfield></datafield><datafield ind1="0" ind2="4" tag="082"><subfield code="a">830</subfield><subfield code="b">MOR</subfield></datafield><datafield ind1="0" ind2="4" tag="082"><subfield code="a">835</subfield></datafield><datafield ind1="1" ind2="4" tag="082"><subfield code="a">831.7</subfield><subfield code="2">22</subfield></datafield><datafield ind1="1" ind2="4" tag="082"><subfield code="a">833.7</subfield></datafield><datafield ind1=" " ind2=" " tag="084"><subfield code="a">GL 6991</subfield><subfield code="2">rvk</subfield></datafield><datafield ind1="1" ind2=" " tag="100"><subfield code="a">Mörike, Eduard</subfield><subfield code="d">1804-1875</subfield><subfield code="6">880-01</subfield><subfield code="0">(DE-588)118583107</subfield></datafield><datafield ind1="1" ind2=" " tag="880"><subfield code="6">100-01</subfield><subfield code="a">Mörike, Eduard</subfield><subfield code="d">1804-1875</subfield><subfield code="0">(IDREF)027041778</subfield><subfield code="4">cre</subfield></datafield><datafield ind1="1" ind2="0" tag="245"><subfield code="a">Briefe 1833-1838</subfield><subfield code="c">[Eduard Mörike] ; hrsg. von Hans-Ulrich Simon</subfield></datafield><datafield ind1=" " ind2="1" tag="264"><subfield code="a">Stuttgart</subfield><subfield code="b">Klett-Cotta</subfield><subfield code="c">[1986]</subfield></datafield><datafield ind1=" " ind2="4" tag="264"><subfield code="c">©1986</subfield></datafield><datafield ind1=" " ind2=" " tag="300"><subfield code="a">684 S.</subfield><subfield code="c">25 cm</subfield><subfield code="b">Ill.</subfield><subfield code="e">2 Beilagen</subfield></datafield><datafield ind1=" " ind2=" " tag="336"><subfield code="b">txt</subfield><subfield code="2">rdacontent</subfield></datafield><datafield ind1=" " ind2=" " tag="337"><subfield code="b">n</subfield><subfield code="2">rdamedia</subfield></datafield><datafield ind1=" " ind2=" " tag="338"><subfield code="b">nc</subfield><subfield code="2">rdacarrier</subfield></datafield><datafield ind1="1" ind2=" " tag="490"><subfield code="a">Werke und Briefe / Eduard Mörike</subfield><subfield code="v">Band 12</subfield></datafield><datafield ind1="1" ind2="7" tag="600"><subfield code="a">Mörike, Eduard</subfield><subfield code="d">1804-1875</subfield><subfield code="0">(DE-588)118583107</subfield><subfield code="2">gnd</subfield></datafield><datafield ind1=" " ind2="0" tag="650"><subfield code="a">German literature</subfield><subfield code="y">19th century</subfield></datafield><datafield ind1=" " ind2="0" tag="650"><subfield code="a">Works</subfield><subfield code="x">1968</subfield></datafield><datafield ind1=" " ind2="7" tag="650"><subfield code="a">BRIEFE + BRIEFWECHSEL (DOKUMENTENTYP)</subfield><subfield code="9">ger</subfield><subfield code="0">(ETHUDK)000000092</subfield><subfield code="2">ethudk</subfield></datafield><datafield ind1=" " ind2="7" tag="650"><subfield code="a">DEUTSCHLAND (MITTELEUROPA). BUNDESREPUBLIK DEUTSCHLAND</subfield><subfield code="9">ger</subfield><subfield code="0">(ETHUDK)000041967</subfield><subfield code="2">ethudk</subfield></datafield><datafield ind1=" " ind2="7" tag="650"><subfield code="a">LITERATUR</subfield><subfield code="9">ger</subfield><subfield code="0">(ETHUDK)000036406</subfield><subfield code="2">ethudk</subfield></datafield><datafield ind1=" " ind2="7" tag="650"><subfield code="a">&quot;1833/1838&quot;</subfield><subfield code="2">ethudk</subfield></datafield><datafield ind1="1" ind2=" " tag="700"><subfield code="a">Simon, Hans-Ulrich</subfield></datafield><datafield ind1="1" ind2=" " tag="800"><subfield code="a">Mörike, Eduard</subfield><subfield code="d">1804-1875</subfield><subfield code="t">Werke</subfield><subfield code="v">12</subfield><subfield code="w">(NEBIS)000529299EBI01</subfield></datafield><datafield ind1="1" ind2=" " tag="800"><subfield code="a">Mörike, Eduard</subfield><subfield code="d">1804-1875</subfield><subfield code="t">Werke und Briefe</subfield><subfield code="v">12</subfield><subfield code="w">(IDSBB)000111039DSV01</subfield></datafield><datafield ind1="1" ind2=" " tag="800"><subfield code="a">Mörike, Eduard</subfield><subfield code="d">1804-1875</subfield><subfield code="t">Werke</subfield><subfield code="v">12</subfield><subfield code="w">(IDSLU)000201099ILU01</subfield></datafield><datafield ind1="1" ind2=" " tag="800"><subfield code="a">Mörike, Eduard</subfield><subfield code="d">1804-1875</subfield><subfield code="t">Werke</subfield><subfield code="v">12</subfield><subfield code="w">(RERO)2243749-41slsp</subfield></datafield><datafield ind1=" " ind2=" " tag="900"><subfield code="a">REROnoselfmerge</subfield></datafield></record>
</metadata></record>