<record><header><identifier>oai:alma.41SLSP_UGE:991000810919705502</identifier><datestamp>2023-06-06T00:10:59Z</datestamp><setSpec>UNIGE_ALL</setSpec></header><metadata>
<record xmlns="http://www.loc.gov/MARC21/slim" xmlns:xsi="http://www.w3.org/2001/XMLSchema-instance" xsi:schemaLocation="http://www.loc.gov/MARC21/slim http://www.loc.gov/standards/marcxml/schema/MARC21slim.xsd"><leader>02723ngm a2200409 c 4500</leader><controlfield tag="001">991000810919705502</controlfield><controlfield tag="005">20230605204909.0</controlfield><controlfield tag="007">vd |v||||</controlfield><controlfield tag="008">150305s2015    gw ||| |          v|fre d</controlfield><datafield ind1=" " ind2=" " tag="035"><subfield code="a">(swissbib)121286274-41slsp_network</subfield></datafield><datafield ind1=" " ind2=" " tag="035"><subfield code="a">121286274</subfield><subfield code="9">ExL</subfield></datafield><datafield ind1=" " ind2=" " tag="035"><subfield code="a">(RERO)R008087618-41slsp</subfield></datafield><datafield ind1=" " ind2=" " tag="035"><subfield code="a">(EXLNZ-41SLSP_NETWORK)991006353409705501</subfield></datafield><datafield ind1=" " ind2=" " tag="040"><subfield code="a">RERO geumem</subfield><subfield code="d">CH-ZuSLS</subfield></datafield><datafield ind1="1" ind2=" " tag="041"><subfield code="a">fre</subfield><subfield code="h">eng</subfield><subfield code="h">ger</subfield><subfield code="h">gre</subfield></datafield><datafield ind1=" " ind2="7" tag="072"><subfield code="a">se</subfield><subfield code="2">rero</subfield></datafield><datafield ind1="0" ind2="0" tag="245"><subfield code="a">Puissante et incontrôlée</subfield><subfield code="b">la troïka</subfield><subfield code="c">réal. Árpád Bondy ; enquête Harald Schumann, Árpád Bondy ; présentation Emilie Aubry</subfield></datafield><datafield ind1=" " ind2="1" tag="264"><subfield code="a">[Lieu de publication non identifié]</subfield><subfield code="b">Rbb</subfield><subfield code="b">Arpad Bondy Filmprod [prod.], 2015</subfield></datafield><datafield ind1=" " ind2=" " tag="300"><subfield code="a">1 DVD-R (94 min.)</subfield></datafield><datafield ind1=" " ind2=" " tag="336"><subfield code="b">tdi</subfield><subfield code="2">rdacontent</subfield></datafield><datafield ind1=" " ind2=" " tag="337"><subfield code="b">v</subfield><subfield code="2">rdamedia</subfield></datafield><datafield ind1=" " ind2=" " tag="338"><subfield code="b">vd</subfield><subfield code="2">rdacarrier</subfield></datafield><datafield ind1="0" ind2=" " tag="490"><subfield code="a">Thema</subfield></datafield><datafield ind1=" " ind2=" " tag="500"><subfield code="a">Diffusé sur Arte, le 24 février 2015</subfield></datafield><datafield ind1="0" ind2=" " tag="505"><subfield code="a">2) Entretien. - 4 min.</subfield></datafield><datafield ind1="0" ind2=" " tag="511"><subfield code="a">Contantin Costa-Gavras, cinéaste</subfield></datafield><datafield ind1="8" ind2=" " tag="520"><subfield code="a">&quot;Cinq ans déjà que les États en crise de la zone euro vivent les affres du surendettement. Pour obtenir les prêts dont ils ont besoin d'urgence, il leur faut se soumettre aux exigences - les fameux mémorandums - de trois institutions phares qui forment la troïka : le Fonds monétaire international (FMI), la Commission européenne (CE) et la Banque centrale européenne (BCE). Les mesures d'austérité qu'elles ont imposées n'ont jusqu'à ce jour pas eu les effets positifs escomptés, bien au contraire. Ce sont des hauts fonctionnaires, agissant sans aucun contrôle parlementaire, qui prennent les décisions, que les gouvernements doivent ensuite exécuter. Pour mieux comprendre ce processus, le journaliste s'est rendu en Irlande, en Grèce, au Portugal, à Chypre, à Bruxelles et aux États-Unis. Au cours de ce travail d'investigation, il a interrogé des ministres, des économistes, des avocats, des banquiers, des victimes de la crise, ainsi que le Prix Nobel d'économie 2008, Paul Krugman, qui explique pourquoi cette politique de restriction ne fonctionne pas.&quot;</subfield><subfield code="5">RERO/geumem/03.2015</subfield></datafield><datafield ind1="2" ind2="7" tag="610"><subfield code="a">Fonds monétaire international</subfield><subfield code="0">(IDREF)028535219</subfield><subfield code="2">idref</subfield></datafield><datafield ind1="2" ind2="7" tag="610"><subfield code="a">Communautés européennes</subfield><subfield code="b">Commission</subfield><subfield code="0">(RERO)A009977548</subfield><subfield code="2">rero</subfield></datafield><datafield ind1="2" ind2="7" tag="610"><subfield code="a">Banque centrale européenne</subfield><subfield code="0">(IDREF)035582480</subfield><subfield code="2">idref</subfield></datafield><datafield ind1="2" ind2="7" tag="610"><subfield code="a">Union européenne</subfield><subfield code="0">(IDREF)032486324</subfield><subfield code="2">idref</subfield></datafield><datafield ind1=" " ind2="7" tag="650"><subfield code="a">Politique d'austérité</subfield><subfield code="0">(IDREF)029337526</subfield><subfield code="2">idref</subfield></datafield><datafield ind1=" " ind2="7" tag="650"><subfield code="a">Dettes publiques</subfield><subfield code="0">(IDREF)027741168</subfield><subfield code="2">idref</subfield></datafield><datafield ind1=" " ind2="7" tag="650"><subfield code="a">Crise économique (2008)</subfield><subfield code="0">(IDREF)131982699</subfield><subfield code="2">idref</subfield></datafield><datafield ind1=" " ind2="7" tag="655"><subfield code="a">DVD</subfield><subfield code="0">(IDREF)035108444</subfield><subfield code="2">idref</subfield></datafield><datafield ind1="1" ind2=" " tag="700"><subfield code="a">Bondy, Árpád</subfield><subfield code="0">(RERO)A023205971</subfield></datafield><datafield ind1="1" ind2=" " tag="700"><subfield code="a">Schumann, Harald</subfield><subfield code="d">1957-....</subfield><subfield code="0">(IDREF)057481997</subfield></datafield><datafield ind1="1" ind2=" " tag="700"><subfield code="a">Aubry, Emilie</subfield><subfield code="0">(RERO)A020247989</subfield></datafield></record>
</metadata></record>