<record><header><identifier>oai:alma.41SLSP_UGE:991000811439705502</identifier><datestamp>2023-03-01T01:10:17Z</datestamp><setSpec>uge_bcen_RapidILL_BOOK</setSpec><setSpec>uge_aaca_RapidILL_BOOK</setSpec><setSpec>uge_abels_RapidILL_BOOK</setSpec><setSpec>uge_dbu_RapidILL_BOOK</setSpec><setSpec>uge_cmu_RapidILL_BOOK</setSpec><setSpec>uge_mail_RapidILL_BOOK</setSpec><setSpec>UNIGE_ALL</setSpec><setSpec>uge_abbat_RapidILL_BOOK</setSpec><setSpec>uge_acar_RapidILL_BOOK</setSpec><setSpec>uge_aobs_RapidILL_BOOK</setSpec></header><metadata>
<record xmlns="http://www.loc.gov/MARC21/slim" xmlns:xsi="http://www.w3.org/2001/XMLSchema-instance" xsi:schemaLocation="http://www.loc.gov/MARC21/slim http://www.loc.gov/standards/marcxml/schema/MARC21slim.xsd"><leader>01716nam a2200445 c 4500</leader><controlfield tag="001">991000811439705502</controlfield><controlfield tag="005">20201229225723.0</controlfield><controlfield tag="008">201011s1976    gw ||||| |||| 00| ||grc d</controlfield><datafield ind1=" " ind2=" " tag="020"><subfield code="a">3110059584</subfield></datafield><datafield ind1=" " ind2=" " tag="035"><subfield code="a">(swissbib)213031094-41slsp_network</subfield></datafield><datafield ind1=" " ind2=" " tag="035"><subfield code="a">213031094</subfield><subfield code="9">ExL</subfield></datafield><datafield ind1=" " ind2=" " tag="035"><subfield code="a">(RERO)0097141-41slsp</subfield></datafield><datafield ind1=" " ind2=" " tag="035"><subfield code="a">(IDSBB)000478294DSV01</subfield></datafield><datafield ind1=" " ind2=" " tag="035"><subfield code="a">(NEBIS)003120319EBI01</subfield></datafield><datafield ind1=" " ind2=" " tag="035"><subfield code="a">(EXLNZ-41SLSP_NETWORK)991151236359705501</subfield></datafield><datafield ind1=" " ind2=" " tag="040"><subfield code="a">RERO</subfield><subfield code="d">CH-ZuSLS</subfield></datafield><datafield ind1=" " ind2="7" tag="072"><subfield code="a">gr</subfield><subfield code="2">rero</subfield></datafield><datafield ind1=" " ind2="7" tag="072"><subfield code="a">kp</subfield><subfield code="2">SzZuIDS BS/BE</subfield></datafield><datafield ind1="1" ind2=" " tag="080"><subfield code="a">875PHILOXG1</subfield></datafield><datafield ind1="0" ind2="4" tag="082"><subfield code="a">881</subfield><subfield code="b">P314, Kt</subfield></datafield><datafield ind1="0" ind2=" " tag="100"><subfield code="a">Philoxenus</subfield><subfield code="c">Alexandrinus</subfield><subfield code="d">ca. v1. Jh.</subfield><subfield code="0">(DE-588)118594052</subfield><subfield code="6">880-01</subfield></datafield><datafield ind1="0" ind2=" " tag="880"><subfield code="a">Philoxenus</subfield><subfield code="c">grammairien</subfield><subfield code="0">(RERO)A003691108</subfield><subfield code="4">cre</subfield><subfield code="6">100-01</subfield></datafield><datafield ind1="1" ind2="0" tag="245"><subfield code="a">&lt;&lt;Die&gt;&gt; Fragmente des Grammatikers Philoxenos</subfield><subfield code="c">hrsg. von Christos Theodoridis</subfield></datafield><datafield ind1=" " ind2="1" tag="264"><subfield code="a">Berlin</subfield><subfield code="a">New York</subfield><subfield code="b">W. de Gruyter</subfield><subfield code="c">1976</subfield></datafield><datafield ind1=" " ind2=" " tag="300"><subfield code="a">XIV, 410 p.</subfield><subfield code="c">25 cm</subfield></datafield><datafield ind1=" " ind2=" " tag="336"><subfield code="b">txt</subfield><subfield code="2">rdacontent</subfield></datafield><datafield ind1=" " ind2=" " tag="337"><subfield code="b">n</subfield><subfield code="2">rdamedia</subfield></datafield><datafield ind1=" " ind2=" " tag="338"><subfield code="b">nc</subfield><subfield code="2">rdacarrier</subfield></datafield><datafield ind1="1" ind2=" " tag="490"><subfield code="a">Sammlung griechischer und lateinischer Grammatiker</subfield><subfield code="v">Bd. 2</subfield></datafield><datafield ind1=" " ind2=" " tag="500"><subfield code="a">Texte remanié d'une thèse de lettres présentée à Hambourg en 1970</subfield></datafield><datafield ind1=" " ind2=" " tag="502"><subfield code="a">Diss. Hamburg</subfield></datafield><datafield ind1="0" ind2="0" tag="600"><subfield code="a">Philoxenus</subfield><subfield code="c">of Alexandria</subfield><subfield code="d">active 1st century B.C.</subfield></datafield><datafield ind1=" " ind2="0" tag="650"><subfield code="a">Greek language</subfield><subfield code="x">Grammar</subfield></datafield><datafield ind1=" " ind2="7" tag="655"><subfield code="a">Hochschulschrift</subfield><subfield code="2">gnd-content</subfield></datafield><datafield ind1=" " ind2=" " tag="690"><subfield code="a">Griechische Grammatiker / Ausgaben / Einzelne Autoren und Texte</subfield><subfield code="2">uzb-Z9</subfield></datafield><datafield ind1="1" ind2=" " tag="700"><subfield code="a">Theodōridēs, Christos</subfield><subfield code="d">1935-2009</subfield><subfield code="0">(DE-588)122196899</subfield></datafield><datafield ind1="1" ind2=" " tag="700"><subfield code="a">Theodoridis, Christos</subfield></datafield><datafield ind1="1" ind2=" " tag="700"><subfield code="a">Theodoridis, Christos</subfield><subfield code="0">(IDREF)069252955</subfield></datafield><datafield ind1=" " ind2=" " tag="830"><subfield code="a">Sammlung griechischer und lateinischer Grammatiker</subfield><subfield code="v">2</subfield><subfield code="w">(IDSBB)000105134DSV01</subfield></datafield><datafield ind1=" " ind2=" " tag="900"><subfield code="a">REROnoselfmerge</subfield></datafield><datafield ind1=" " ind2=" " tag="900"><subfield code="a">IDSZRMedeaZBZ</subfield></datafield></record>
</metadata></record>