<record><header><identifier>oai:alma.41SLSP_UGE:991000811319705502</identifier><datestamp>2023-03-01T01:10:17Z</datestamp><setSpec>uge_bcen_RapidILL_BOOK</setSpec><setSpec>uge_aaca_RapidILL_BOOK</setSpec><setSpec>uge_abels_RapidILL_BOOK</setSpec><setSpec>uge_dbu_RapidILL_BOOK</setSpec><setSpec>uge_cmu_RapidILL_BOOK</setSpec><setSpec>uge_mail_RapidILL_BOOK</setSpec><setSpec>UNIGE_ALL</setSpec><setSpec>uge_abbat_RapidILL_BOOK</setSpec><setSpec>uge_acar_RapidILL_BOOK</setSpec><setSpec>uge_aobs_RapidILL_BOOK</setSpec></header><metadata>
<record xmlns="http://www.loc.gov/MARC21/slim" xmlns:xsi="http://www.w3.org/2001/XMLSchema-instance" xsi:schemaLocation="http://www.loc.gov/MARC21/slim http://www.loc.gov/standards/marcxml/schema/MARC21slim.xsd"><leader>01397nam a2200337 c 4500</leader><controlfield tag="001">991000811319705502</controlfield><controlfield tag="005">20230210175532.0</controlfield><controlfield tag="008">890126m19611968it ||||| |||| 00| ||ita d</controlfield><datafield ind1="7" ind2=" " tag="024"><subfield code="a">http://catalogue.bnf.fr/ark:/12148/cb33144039s</subfield><subfield code="2">uri</subfield></datafield><datafield ind1=" " ind2=" " tag="035"><subfield code="a">(swissbib)083452702-41slsp_network</subfield></datafield><datafield ind1=" " ind2=" " tag="035"><subfield code="a">083452702</subfield><subfield code="9">ExL</subfield></datafield><datafield ind1=" " ind2=" " tag="035"><subfield code="a">(RERO)1070283-41slsp</subfield></datafield><datafield ind1=" " ind2=" " tag="035"><subfield code="a">(EXLNZ-41SLSP_NETWORK)991106780219705501</subfield></datafield><datafield ind1=" " ind2=" " tag="040"><subfield code="a">RERO geulit</subfield><subfield code="d">CH-ZuSLS</subfield></datafield><datafield ind1=" " ind2="7" tag="072"><subfield code="a">it</subfield><subfield code="2">rero</subfield></datafield><datafield ind1=" " ind2="7" tag="072"><subfield code="a">ba</subfield><subfield code="2">rero</subfield></datafield><datafield ind1="0" ind2="0" tag="245"><subfield code="a">Momenti e problemi di storia dell'estetica</subfield></datafield><datafield ind1=" " ind2="1" tag="264"><subfield code="a">Milano</subfield><subfield code="b">C. Marzorati</subfield><subfield code="c">1961-1968</subfield></datafield><datafield ind1=" " ind2=" " tag="300"><subfield code="a">4 vol. (X, 1369 p.)</subfield><subfield code="c">25 cm</subfield></datafield><datafield ind1=" " ind2=" " tag="336"><subfield code="b">txt</subfield><subfield code="2">rdacontent</subfield></datafield><datafield ind1=" " ind2=" " tag="337"><subfield code="b">n</subfield><subfield code="2">rdamedia</subfield></datafield><datafield ind1=" " ind2=" " tag="338"><subfield code="b">nc</subfield><subfield code="2">rdacarrier</subfield></datafield><datafield ind1="1" ind2=" " tag="490"><subfield code="a">Problemi ed orientamenti critici di lingua e di letteratura italiana</subfield><subfield code="v">5</subfield></datafield><datafield ind1=" " ind2=" " tag="500"><subfield code="a">Vol.1: Dall'antichità classica al Barocco ; vol.2: Dall'Illuminismo al Romanticismo ; vol.3 et vol.4: Dal Romanticismo al Novecento</subfield></datafield><datafield ind1=" " ind2="7" tag="650"><subfield code="a">Esthétique</subfield><subfield code="0">(IDREF)027224503</subfield><subfield code="2">idref</subfield></datafield><datafield ind1=" " ind2="7" tag="650"><subfield code="a">2500 av. J.-C.-20e siècle (1re moitié)</subfield><subfield code="0">(RERO)A027040763</subfield><subfield code="2">rero</subfield></datafield><datafield ind1=" " ind2="7" tag="650"><subfield code="a">Poétique</subfield><subfield code="0">(IDREF)027336654</subfield><subfield code="2">idref</subfield></datafield><datafield ind1=" " ind2="7" tag="650"><subfield code="a">14e siècle-20e siècle (1re moitié)</subfield><subfield code="0">(RERO)A024385658</subfield><subfield code="2">rero</subfield></datafield><datafield ind1=" " ind2="7" tag="650"><subfield code="a">Antiquité</subfield><subfield code="0">(IDREF)027789888</subfield><subfield code="2">idref</subfield></datafield><datafield ind1=" " ind2="7" tag="651"><subfield code="a">Italie</subfield><subfield code="0">(IDREF)027235408</subfield><subfield code="2">idref</subfield></datafield><datafield ind1=" " ind2=" " tag="830"><subfield code="a">Problemi ed orientamenti critici di lingua e di letteratura italiana</subfield><subfield code="v">5</subfield><subfield code="w">(RERO)0191411-41slsp</subfield></datafield><datafield ind1=" " ind2=" " tag="900"><subfield code="a">REROnoselfmerge</subfield></datafield><datafield ind1=" " ind2=" " tag="993"><subfield code="a">BFLA 34035</subfield><subfield code="x">ge/ulit/a/flt 15113</subfield><subfield code="9">LOCAL</subfield></datafield></record>
</metadata></record>