<record><header><identifier>oai:alma.41SLSP_UGE:991000811219705502</identifier><datestamp>2023-03-01T01:10:17Z</datestamp><setSpec>uge_bcen_RapidILL_BOOK</setSpec><setSpec>uge_aaca_RapidILL_BOOK</setSpec><setSpec>uge_abels_RapidILL_BOOK</setSpec><setSpec>uge_dbu_RapidILL_BOOK</setSpec><setSpec>uge_cmu_RapidILL_BOOK</setSpec><setSpec>uge_mail_RapidILL_BOOK</setSpec><setSpec>UNIGE_ALL</setSpec><setSpec>uge_abbat_RapidILL_BOOK</setSpec><setSpec>uge_acar_RapidILL_BOOK</setSpec><setSpec>uge_aobs_RapidILL_BOOK</setSpec></header><metadata>
<record xmlns="http://www.loc.gov/MARC21/slim" xmlns:xsi="http://www.w3.org/2001/XMLSchema-instance" xsi:schemaLocation="http://www.loc.gov/MARC21/slim http://www.loc.gov/standards/marcxml/schema/MARC21slim.xsd"><leader>01398nam a2200397 c 4500</leader><controlfield tag="001">991000811219705502</controlfield><controlfield tag="005">20230117180440.0</controlfield><controlfield tag="008">201022t19891989it ||||| |||| 00| ||ita d</controlfield><datafield ind1=" " ind2=" " tag="020"><subfield code="a">8843529307</subfield></datafield><datafield ind1=" " ind2=" " tag="035"><subfield code="a">(swissbib)252191293-41slsp_network</subfield></datafield><datafield ind1=" " ind2=" " tag="035"><subfield code="a">252191293</subfield><subfield code="9">ExL</subfield></datafield><datafield ind1=" " ind2=" " tag="035"><subfield code="a">(RERO)1228470-41slsp</subfield></datafield><datafield ind1=" " ind2=" " tag="035"><subfield code="a">(SBT)000073877SBT01</subfield></datafield><datafield ind1=" " ind2=" " tag="035"><subfield code="a">(EXLNZ-41SLSP_NETWORK)991077638709705501</subfield></datafield><datafield ind1=" " ind2=" " tag="040"><subfield code="a">RERO geulha</subfield><subfield code="d">CH-ZuSLS</subfield></datafield><datafield ind1="0" ind2=" " tag="041"><subfield code="a">ita</subfield><subfield code="a">fre</subfield></datafield><datafield ind1=" " ind2="7" tag="072"><subfield code="a">ba</subfield><subfield code="2">rero</subfield></datafield><datafield ind1="0" ind2="0" tag="245"><subfield code="a">Verso l'arte povera</subfield><subfield code="b">moments et aspects de l'art dans les années 60 en Italie : [Milano, Padiglione d'arte contemporanea, 20 janvier - 27 mars 1989]</subfield></datafield><datafield ind1="1" ind2=" " tag="246"><subfield code="a">Moments et aspects de l'art dans les années 60 en Italie</subfield></datafield><datafield ind1=" " ind2="1" tag="264"><subfield code="a">Milano</subfield><subfield code="b">Electa</subfield><subfield code="c">[1989]</subfield></datafield><datafield ind1=" " ind2="4" tag="264"><subfield code="c">© 1989</subfield></datafield><datafield ind1=" " ind2=" " tag="300"><subfield code="a">158 p.</subfield><subfield code="b">ill. en noir et en coul.</subfield><subfield code="c">24 cm</subfield></datafield><datafield ind1=" " ind2=" " tag="336"><subfield code="b">txt</subfield><subfield code="2">rdacontent</subfield></datafield><datafield ind1=" " ind2=" " tag="337"><subfield code="b">n</subfield><subfield code="2">rdamedia</subfield></datafield><datafield ind1=" " ind2=" " tag="338"><subfield code="b">nc</subfield><subfield code="2">rdacarrier</subfield></datafield><datafield ind1="1" ind2=" " tag="490"><subfield code="a">Pagina</subfield></datafield><datafield ind1=" " ind2=" " tag="500"><subfield code="a">Texte en italien et français</subfield></datafield><datafield ind1=" " ind2=" " tag="500"><subfield code="a">Exposition. Milano. Padiglione d'arte contemporanea. 1989</subfield></datafield><datafield ind1=" " ind2=" " tag="500"><subfield code="a">Testo in italiano e francese</subfield></datafield><datafield ind1=" " ind2=" " tag="500"><subfield code="a">Mostra. Milano. Padiglione d'arte contemporanea. 1989</subfield></datafield><datafield ind1=" " ind2=" " tag="504"><subfield code="a">Bibliogr.: p. 158</subfield></datafield><datafield ind1=" " ind2="7" tag="650"><subfield code="a">Art italien</subfield><subfield code="0">(IDREF)050776355</subfield><subfield code="2">idref</subfield></datafield><datafield ind1=" " ind2="7" tag="650"><subfield code="a">1963-1969</subfield><subfield code="2">rero</subfield></datafield><datafield ind1=" " ind2="7" tag="655"><subfield code="a">Catalogues d'exposition</subfield><subfield code="0">(IDREF)027320456</subfield><subfield code="2">idref</subfield></datafield><datafield ind1=" " ind2=" " tag="691"><subfield code="e">700.036.2(450)</subfield><subfield code="2">usi-TM</subfield></datafield><datafield ind1=" " ind2="0" tag="830"><subfield code="a">Pagina</subfield></datafield><datafield ind1=" " ind2=" " tag="900"><subfield code="a">REROnoselfmerge</subfield></datafield><datafield ind1=" " ind2=" " tag="993"><subfield code="a">BFLA 43322</subfield><subfield code="x">ge/ulha/a/90/160</subfield><subfield code="9">LOCAL</subfield></datafield></record>
</metadata></record>